trade_id,trade_date,trade_time,stock_symbol,trade_type,price,quantity
T100000,2026-04-01,10:56:20,MCQE.CA,Sell,176.226,5000
T100001,2026-04-01,10:53:34,MCQE.CA,Sell,177.295,50
T100002,2026-04-01,14:02:38,MCQE.CA,Sell,177.385,5000
T100003,2026-04-01,11:19:05,MCQE.CA,Buy,178.272,65
T100004,2026-04-01,11:54:08,MCQE.CA,Buy,176.72,50
T100005,2026-04-01,11:29:18,MCQE.CA,Buy,176.199,100
T100006,2026-04-01,14:09:01,MCQE.CA,Sell,177.74,5000
T100007,2026-04-01,10:37:16,MCQE.CA,Sell,176.269,915
T100008,2026-04-01,10:38:53,MCQE.CA,Sell,177.318,1000
T100009,2026-04-01,13:45:43,MCQE.CA,Buy,177.703,100
T100010,2026-04-01,11:06:54,MCQE.CA,Buy,179.253,200
T100011,2026-04-01,13:29:39,MCQE.CA,Sell,181.17,407
T100012,2026-04-01,11:52:17,MCQE.CA,Sell,182.162,1000
T100013,2026-04-01,12:32:14,MCQE.CA,Sell,182.347,407
T100014,2026-04-01,12:20:31,MCQE.CA,Sell,184.513,10095
T100015,2026-04-01,10:21:12,PRMH.CA,Buy,2.801,5000
T100016,2026-04-01,14:23:44,PRMH.CA,Sell,2.818,5000
T100017,2026-04-01,14:34:38,PRMH.CA,Sell,2.831,5000
T100018,2026-04-01,12:32:33,PRMH.CA,Sell,2.837,1000
T100019,2026-04-01,13:17:09,PRMH.CA,Sell,2.841,65
T100020,2026-04-01,11:48:44,PRMH.CA,Buy,2.811,5728
T100021,2026-04-01,10:55:46,PRMH.CA,Buy,2.833,10095
T100022,2026-04-01,14:27:27,PRMH.CA,Buy,2.863,65
T100023,2026-04-01,10:20:46,PRMH.CA,Sell,2.833,100
T100024,2026-04-01,11:33:57,PRMH.CA,Sell,2.827,915
T100025,2026-04-01,13:42:55,NHOZ.CA,Buy,18.246,5728
T100026,2026-04-01,12:38:23,NHOZ.CA,Buy,18.271,5728
T100027,2026-04-01,14:06:34,NHOZ.CA,Buy,18.477,1000
T100028,2026-04-01,12:26:04,NHOZ.CA,Sell,18.653,65
T100029,2026-04-01,14:34:27,NHOZ.CA,Sell,18.756,30000
T100030,2026-04-01,11:08:36,NHOZ.CA,Buy,18.959,10095
T100031,2026-04-01,11:23:27,NHOZ.CA,Sell,19.133,65
T100032,2026-04-01,13:04:17,NHOZ.CA,Buy,19.088,65
T100033,2026-04-01,14:20:39,NHOZ.CA,Sell,19.038,5728
T100034,2026-04-01,12:46:34,NHOZ.CA,Buy,19.057,407
T100035,2026-04-01,12:30:42,NHOZ.CA,Sell,18.847,65
T100036,2026-04-01,11:27:55,NHOZ.CA,Sell,18.686,407
T100037,2026-04-01,12:29:19,NHOZ.CA,Buy,18.722,10095
T100038,2026-04-01,13:48:44,NHOZ.CA,Sell,18.741,50
T100039,2026-04-01,11:05:52,NHOZ.CA,Sell,18.789,407
T100040,2026-04-01,10:30:55,ATQA.CA,Buy,9.694,1000
T100041,2026-04-01,13:49:55,ATQA.CA,Buy,9.732,50
T100042,2026-04-01,12:38:52,ATQA.CA,Buy,9.664,200
T100043,2026-04-01,14:35:18,ATQA.CA,Sell,9.699,30000
T100044,2026-04-01,13:35:31,ATQA.CA,Sell,9.634,1000
T100045,2026-04-01,11:42:43,ATQA.CA,Buy,9.708,50
T100046,2026-04-01,11:23:15,ATQA.CA,Sell,9.728,100
T100047,2026-04-01,10:24:45,ATQA.CA,Buy,9.766,5000
T100048,2026-04-01,13:17:12,ATQA.CA,Sell,9.745,30000
T100049,2026-04-01,10:25:53,ATQA.CA,Buy,9.719,407
T100050,2026-04-01,12:55:59,COIL.CA,Sell,1.687,200
T100051,2026-04-01,13:42:59,COIL.CA,Sell,1.687,100
T100052,2026-04-01,11:01:18,COIL.CA,Buy,1.688,407
T100053,2026-04-01,12:12:12,COIL.CA,Buy,1.679,200
T100054,2026-04-01,10:41:54,COIL.CA,Buy,1.669,30000
T100055,2026-04-01,14:19:55,COIL.CA,Buy,1.682,10095
T100056,2026-04-01,13:57:08,COIL.CA,Sell,1.676,30000
T100057,2026-04-01,10:30:12,COIL.CA,Buy,1.695,100
T100058,2026-04-01,10:47:57,COIL.CA,Sell,1.708,5728
T100059,2026-04-01,13:05:59,COIL.CA,Buy,1.716,5000
T100060,2026-04-01,12:40:02,COIL.CA,Buy,1.704,407
T100061,2026-04-01,12:49:43,COIL.CA,Sell,1.704,50
T100062,2026-04-01,12:39:59,COIL.CA,Sell,1.696,50
T100063,2026-04-01,11:26:42,COIL.CA,Sell,1.695,915
T100064,2026-04-01,13:16:38,COIL.CA,Buy,1.699,5000
T100065,2026-04-01,14:29:44,COIL.CA,Sell,1.71,50
T100066,2026-04-01,13:59:44,COIL.CA,Sell,1.714,100
T100067,2026-04-01,11:46:23,COIL.CA,Sell,1.733,915
T100068,2026-04-01,12:02:59,SPIN.CA,Buy,14.467,5728
T100069,2026-04-01,14:05:58,SPIN.CA,Sell,14.535,30000
T100070,2026-04-01,11:30:27,SPIN.CA,Buy,14.701,200
T100071,2026-04-01,14:30:43,SPIN.CA,Buy,14.771,100
T100072,2026-04-01,11:37:33,SPIN.CA,Buy,14.861,100
T100073,2026-04-01,12:06:01,SPIN.CA,Buy,14.756,5000
T100074,2026-04-01,10:54:16,SPIN.CA,Sell,14.733,407
T100075,2026-04-01,10:22:09,SPIN.CA,Sell,14.557,200
T100076,2026-04-01,10:30:12,SPIN.CA,Buy,14.599,915
T100077,2026-04-01,13:38:49,SPIN.CA,Buy,14.655,50
T100078,2026-04-01,12:14:44,SPIN.CA,Sell,14.522,100
T100079,2026-04-01,13:24:58,SPIN.CA,Buy,14.473,407
T100080,2026-04-01,14:22:08,SPIN.CA,Buy,14.388,200
T100081,2026-04-01,13:13:40,SPIN.CA,Sell,14.523,50
T100082,2026-04-01,11:16:53,SPIN.CA,Sell,14.605,10095
T100083,2026-04-01,13:13:02,SPIN.CA,Sell,14.618,30000
T100084,2026-04-01,13:29:58,SPIN.CA,Sell,14.591,200
T100085,2026-04-01,11:21:57,EFID.CA,Sell,28.754,5728
T100086,2026-04-01,12:54:56,EFID.CA,Sell,29.032,915
T100087,2026-04-01,11:34:15,EFID.CA,Buy,28.727,30000
T100088,2026-04-01,11:04:47,EFID.CA,Buy,28.932,407
T100089,2026-04-01,12:37:38,EFID.CA,Sell,28.762,5000
T100090,2026-04-01,13:29:07,EFID.CA,Sell,29.012,30000
T100091,2026-04-01,12:28:35,EFID.CA,Sell,29.277,5728
T100092,2026-04-01,13:13:05,EFID.CA,Sell,29.068,407
T100093,2026-04-01,13:24:42,EFID.CA,Sell,29.133,200
T100094,2026-04-01,11:41:03,EFID.CA,Buy,29.045,915
T100095,2026-04-01,10:57:18,EFID.CA,Buy,29.041,100
T100096,2026-04-01,12:19:11,EFID.CA,Sell,29.058,30000
T100097,2026-04-01,11:58:26,EFID.CA,Buy,29.28,30000
T100098,2026-04-01,13:54:15,JUFO.CA,Sell,29.484,50
T100099,2026-04-01,14:24:54,JUFO.CA,Buy,29.756,5000
T100100,2026-04-01,12:31:14,JUFO.CA,Sell,30.041,65
T100101,2026-04-01,11:30:19,JUFO.CA,Sell,30.302,407
T100102,2026-04-01,14:22:08,JUFO.CA,Sell,30.068,407
T100103,2026-04-01,12:28:29,JUFO.CA,Buy,30.073,30000
T100104,2026-04-01,11:49:10,JUFO.CA,Buy,30.257,200
T100105,2026-04-01,11:28:26,JUFO.CA,Buy,29.95,5728
T100106,2026-04-01,11:43:45,JUFO.CA,Buy,30.172,915
T100107,2026-04-01,11:28:00,JUFO.CA,Sell,30.173,65
T100108,2026-04-01,12:03:55,JUFO.CA,Buy,29.961,65
T100109,2026-04-01,12:25:07,JUFO.CA,Buy,30.201,5728
T100110,2026-04-01,12:24:37,JUFO.CA,Buy,30.4,30000
T100111,2026-04-01,12:01:38,JUFO.CA,Buy,30.365,915
T100112,2026-04-01,13:03:44,JUFO.CA,Sell,30.505,407
T100113,2026-04-01,11:44:02,JUFO.CA,Sell,30.222,407
T100114,2026-04-01,13:39:19,JUFO.CA,Buy,30.453,30000
T100115,2026-04-01,14:03:19,JUFO.CA,Buy,30.26,915
T100116,2026-04-01,12:25:15,CPCI.CA,Buy,436.267,100
T100117,2026-04-01,12:46:23,CPCI.CA,Buy,437.843,10095
T100118,2026-04-01,13:47:03,CPCI.CA,Sell,436.992,5728
T100119,2026-04-01,12:48:20,CPCI.CA,Sell,434.092,5728
T100120,2026-04-01,11:07:25,CPCI.CA,Sell,432.26,65
T100121,2026-04-01,14:31:14,CPCI.CA,Buy,427.678,915
T100122,2026-04-01,14:04:54,CPCI.CA,Buy,424.113,5000
T100123,2026-04-01,10:56:28,CPCI.CA,Buy,424.589,100
T100124,2026-04-01,14:26:54,CPCI.CA,Buy,424.067,915
T100125,2026-04-01,13:47:52,CPCI.CA,Buy,425.985,30000
T100126,2026-04-01,13:48:52,CPCI.CA,Sell,423.219,5728
T100127,2026-04-01,13:57:24,CPCI.CA,Sell,423.896,100
T100128,2026-04-01,10:22:05,CPCI.CA,Sell,419.315,915
T100129,2026-04-01,11:17:48,NRPD.CA,Buy,19.807,1000
T100130,2026-04-01,12:25:10,NRPD.CA,Sell,19.675,30000
T100131,2026-04-01,14:05:33,NRPD.CA,Sell,19.546,1000
T100132,2026-04-01,14:34:53,NRPD.CA,Sell,19.503,30000
T100133,2026-04-01,13:51:55,NRPD.CA,Buy,19.665,30000
T100134,2026-04-01,14:24:12,NRPD.CA,Buy,19.439,100
T100135,2026-04-01,11:54:15,NRPD.CA,Sell,19.672,10095
T100136,2026-04-01,10:23:32,NRPD.CA,Sell,19.584,407
T100137,2026-04-01,13:24:02,NRPD.CA,Buy,19.377,5728
T100138,2026-04-01,12:11:25,NRPD.CA,Buy,19.463,50
T100139,2026-04-01,13:15:52,NRPD.CA,Buy,19.687,1000
T100140,2026-04-01,13:15:51,NRPD.CA,Buy,19.551,915
T100141,2026-04-01,13:33:27,NRPD.CA,Sell,19.624,200
T100142,2026-04-01,12:52:34,NRPD.CA,Buy,19.501,1000
T100143,2026-04-01,13:57:50,NRPD.CA,Buy,19.71,407
T100144,2026-04-01,11:09:23,ACAP.CA,Buy,9.016,10095
T100145,2026-04-01,10:16:55,ACAP.CA,Buy,9.052,10095
T100146,2026-04-01,13:34:54,ACAP.CA,Sell,9.01,50
T100147,2026-04-01,11:45:39,ACAP.CA,Sell,8.938,30000
T100148,2026-04-01,11:53:36,ACAP.CA,Sell,8.941,1000
T100149,2026-04-01,11:01:29,ACAP.CA,Sell,9.028,407
T100150,2026-04-01,11:12:27,ACAP.CA,Sell,9.084,915
T100151,2026-04-01,13:38:57,ACAP.CA,Sell,9.143,915
T100152,2026-04-01,14:18:51,ACAP.CA,Buy,9.086,407
T100153,2026-04-01,10:47:30,ACAP.CA,Buy,9.156,30000
T100154,2026-04-01,13:01:19,ACAP.CA,Sell,9.19,100
T100155,2026-04-01,14:13:34,ACAP.CA,Sell,9.192,100
T100156,2026-04-01,14:24:48,ACAP.CA,Buy,9.221,100
T100157,2026-04-01,13:18:03,ACAP.CA,Sell,9.283,915
T100158,2026-04-01,13:52:07,ACAP.CA,Sell,9.217,5728
T100159,2026-04-01,12:30:22,ACAP.CA,Sell,9.201,50
T100160,2026-04-01,11:00:42,ACAP.CA,Buy,9.116,10095
T100161,2026-04-01,13:06:31,GTEX.CA,Sell,112.891,1000
T100162,2026-04-01,12:35:26,GTEX.CA,Buy,113.68,5000
T100163,2026-04-01,11:09:14,GTEX.CA,Buy,114.215,50
T100164,2026-04-01,12:50:05,GTEX.CA,Buy,114.887,50
T100165,2026-04-01,14:10:24,GTEX.CA,Sell,115.751,100
T100166,2026-04-01,13:44:12,GTEX.CA,Buy,116.734,5728
T100167,2026-04-01,14:08:49,GTEX.CA,Buy,116.752,915
T100168,2026-04-01,13:24:00,GTEX.CA,Buy,117.052,5000
T100169,2026-04-01,12:32:51,GTEX.CA,Sell,118.02,30000
T100170,2026-04-01,13:50:18,GTEX.CA,Buy,116.841,5728
T100171,2026-04-01,12:54:04,GTEX.CA,Sell,117.869,5728
T100172,2026-04-01,13:04:15,GTEX.CA,Buy,117.684,10095
T100173,2026-04-01,12:16:22,GTEX.CA,Buy,117.775,50
T100174,2026-04-01,13:27:35,GTEX.CA,Buy,118.69,1000
T100175,2026-04-01,12:57:39,GTEX.CA,Sell,118.919,10095
T100176,2026-04-01,14:16:07,GTEX.CA,Sell,119.67,5728
T100177,2026-04-01,13:10:11,GTEX.CA,Buy,118.705,50
T100178,2026-04-02,14:17:13,MCQE.CA,Buy,171.92,100
T100179,2026-04-02,11:00:05,MCQE.CA,Buy,172.766,200
T100180,2026-04-02,14:14:50,MCQE.CA,Buy,171.031,915
T100181,2026-04-02,12:56:16,MCQE.CA,Sell,170.065,1000
T100182,2026-04-02,12:00:15,MCQE.CA,Buy,170.021,915
T100183,2026-04-02,11:27:45,MCQE.CA,Sell,169.182,5728
T100184,2026-04-02,13:09:27,MCQE.CA,Sell,170.382,100
T100185,2026-04-02,14:09:51,MCQE.CA,Sell,168.521,407
T100186,2026-04-02,13:46:18,MCQE.CA,Sell,167.893,200
T100187,2026-04-02,11:26:51,MCQE.CA,Sell,167.6,65
T100188,2026-04-02,13:48:03,MCQE.CA,Buy,165.796,915
T100189,2026-04-02,14:32:28,MCQE.CA,Sell,163.955,407
T100190,2026-04-02,13:17:47,MCQE.CA,Sell,163.427,100
T100191,2026-04-02,14:04:52,MCQE.CA,Sell,165.138,65
T100192,2026-04-02,13:24:35,MCQE.CA,Sell,166.618,100
T100193,2026-04-02,10:48:22,MCQE.CA,Buy,164.766,5728
T100194,2026-04-02,11:01:36,MCQE.CA,Buy,165.58,1000
T100195,2026-04-02,13:44:18,PRMH.CA,Buy,2.865,10095
T100196,2026-04-02,12:36:10,PRMH.CA,Buy,2.863,5728
T100197,2026-04-02,13:20:29,PRMH.CA,Buy,2.881,65
T100198,2026-04-02,12:46:28,PRMH.CA,Buy,2.901,5728
T100199,2026-04-02,13:02:00,PRMH.CA,Sell,2.925,10095
T100200,2026-04-02,11:41:44,PRMH.CA,Sell,2.92,915
T100201,2026-04-02,12:05:33,PRMH.CA,Sell,2.89,50
T100202,2026-04-02,14:31:46,PRMH.CA,Buy,2.872,10095
T100203,2026-04-02,10:49:40,NHOZ.CA,Sell,18.343,200
T100204,2026-04-02,10:24:30,NHOZ.CA,Sell,18.328,5000
T100205,2026-04-02,12:49:07,NHOZ.CA,Sell,18.419,50
T100206,2026-04-02,11:23:16,NHOZ.CA,Sell,18.472,5728
T100207,2026-04-02,13:00:42,NHOZ.CA,Sell,18.438,407
T100208,2026-04-02,11:18:35,NHOZ.CA,Sell,18.592,50
T100209,2026-04-02,12:12:36,NHOZ.CA,Sell,18.457,30000
T100210,2026-04-02,12:25:30,NHOZ.CA,Buy,18.578,5728
T100211,2026-04-02,11:32:33,NHOZ.CA,Sell,18.418,65
T100212,2026-04-02,12:45:51,NHOZ.CA,Sell,18.248,5728
T100213,2026-04-02,12:32:06,NHOZ.CA,Buy,18.03,407
T100214,2026-04-02,14:30:08,NHOZ.CA,Sell,17.883,1000
T100215,2026-04-02,14:09:57,NHOZ.CA,Sell,17.811,10095
T100216,2026-04-02,10:37:53,NHOZ.CA,Sell,17.684,100
T100217,2026-04-02,12:29:50,NHOZ.CA,Buy,17.782,915
T100218,2026-04-02,13:31:30,NHOZ.CA,Sell,17.747,407
T100219,2026-04-02,12:41:23,NHOZ.CA,Buy,17.944,10095
T100220,2026-04-02,13:29:09,NHOZ.CA,Sell,17.966,5728
T100221,2026-04-02,10:23:25,ATQA.CA,Buy,9.611,5728
T100222,2026-04-02,10:35:01,ATQA.CA,Buy,9.536,200
T100223,2026-04-02,11:42:19,ATQA.CA,Sell,9.474,407
T100224,2026-04-02,14:20:16,ATQA.CA,Buy,9.438,100
T100225,2026-04-02,10:26:40,ATQA.CA,Sell,9.36,100
T100226,2026-04-02,13:41:14,ATQA.CA,Buy,9.375,30000
T100227,2026-04-02,12:23:21,ATQA.CA,Sell,9.337,100
T100228,2026-04-02,12:09:42,ATQA.CA,Buy,9.33,100
T100229,2026-04-02,12:59:29,ATQA.CA,Buy,9.281,65
T100230,2026-04-02,10:46:22,ATQA.CA,Sell,9.195,30000
T100231,2026-04-02,11:39:03,ATQA.CA,Buy,9.255,100
T100232,2026-04-02,10:56:27,ATQA.CA,Sell,9.33,915
T100233,2026-04-02,12:30:01,ATQA.CA,Buy,9.392,65
T100234,2026-04-02,11:48:52,ATQA.CA,Buy,9.394,915
T100235,2026-04-02,14:02:37,ATQA.CA,Buy,9.341,65
T100236,2026-04-02,12:42:15,ATQA.CA,Buy,9.417,100
T100237,2026-04-02,12:01:49,ATQA.CA,Sell,9.413,100
T100238,2026-04-02,10:34:08,COIL.CA,Sell,1.675,407
T100239,2026-04-02,12:05:01,COIL.CA,Buy,1.667,5000
T100240,2026-04-02,12:38:23,COIL.CA,Sell,1.66,50
T100241,2026-04-02,13:36:51,COIL.CA,Buy,1.656,50
T100242,2026-04-02,12:49:16,COIL.CA,Sell,1.649,1000
T100243,2026-04-02,13:48:07,COIL.CA,Sell,1.649,100
T100244,2026-04-02,12:50:10,COIL.CA,Sell,1.65,407
T100245,2026-04-02,11:39:37,COIL.CA,Sell,1.668,65
T100246,2026-04-02,13:21:59,COIL.CA,Buy,1.679,65
T100247,2026-04-02,13:58:33,COIL.CA,Buy,1.677,1000
T100248,2026-04-02,12:03:51,COIL.CA,Sell,1.693,50
T100249,2026-04-02,10:26:30,COIL.CA,Sell,1.7,915
T100250,2026-04-02,11:59:12,COIL.CA,Buy,1.698,200
T100251,2026-04-02,13:19:02,SPIN.CA,Buy,14.627,200
T100252,2026-04-02,11:44:43,SPIN.CA,Buy,14.757,100
T100253,2026-04-02,11:37:49,SPIN.CA,Buy,14.769,10095
T100254,2026-04-02,11:04:01,SPIN.CA,Buy,14.852,65
T100255,2026-04-02,11:16:14,SPIN.CA,Buy,14.981,5728
T100256,2026-04-02,12:19:50,SPIN.CA,Buy,15.048,10095
T100257,2026-04-02,13:57:04,SPIN.CA,Sell,15.086,30000
T100258,2026-04-02,13:46:40,SPIN.CA,Sell,14.99,50
T100259,2026-04-02,10:47:18,SPIN.CA,Buy,14.916,65
T100260,2026-04-02,12:04:02,SPIN.CA,Sell,14.786,50
T100261,2026-04-02,11:01:39,SPIN.CA,Sell,14.94,100
T100262,2026-04-02,10:43:40,SPIN.CA,Buy,14.775,100
T100263,2026-04-02,10:46:09,SPIN.CA,Sell,14.626,100
T100264,2026-04-02,11:48:24,SPIN.CA,Buy,14.609,1000
T100265,2026-04-02,10:18:55,EFID.CA,Sell,28.52,5728
T100266,2026-04-02,12:07:21,EFID.CA,Sell,28.499,915
T100267,2026-04-02,10:49:56,EFID.CA,Sell,28.386,50
T100268,2026-04-02,10:19:44,EFID.CA,Buy,28.096,5000
T100269,2026-04-02,10:15:31,EFID.CA,Sell,27.81,1000
T100270,2026-04-02,11:40:19,EFID.CA,Buy,27.956,5000
T100271,2026-04-02,11:01:16,EFID.CA,Buy,28.123,30000
T100272,2026-04-02,13:25:54,EFID.CA,Buy,28.102,30000
T100273,2026-04-02,13:56:41,EFID.CA,Sell,27.882,100
T100274,2026-04-02,13:40:02,EFID.CA,Sell,28.029,1000
T100275,2026-04-02,13:44:06,JUFO.CA,Sell,30.844,50
T100276,2026-04-02,13:52:50,JUFO.CA,Sell,31.181,30000
T100277,2026-04-02,14:18:05,JUFO.CA,Buy,31.367,5728
T100278,2026-04-02,14:06:12,JUFO.CA,Sell,31.41,50
T100279,2026-04-02,14:13:09,JUFO.CA,Buy,31.364,10095
T100280,2026-04-02,11:36:51,JUFO.CA,Buy,31.123,915
T100281,2026-04-02,11:41:39,JUFO.CA,Sell,30.956,30000
T100282,2026-04-02,12:12:46,JUFO.CA,Sell,30.594,407
T100283,2026-04-02,12:02:14,JUFO.CA,Sell,30.399,50
T100284,2026-04-02,14:17:39,JUFO.CA,Sell,30.38,200
T100285,2026-04-02,12:24:03,JUFO.CA,Sell,30.493,5728
T100286,2026-04-02,10:18:07,JUFO.CA,Sell,30.792,5000
T100287,2026-04-02,10:31:19,JUFO.CA,Sell,30.533,200
T100288,2026-04-02,11:40:40,JUFO.CA,Buy,30.399,30000
T100289,2026-04-02,11:52:24,JUFO.CA,Sell,30.058,1000
T100290,2026-04-02,13:18:56,JUFO.CA,Buy,29.876,50
T100291,2026-04-02,10:54:07,JUFO.CA,Buy,29.665,407
T100292,2026-04-02,13:58:20,CPCI.CA,Buy,457.018,50
T100293,2026-04-02,12:32:52,CPCI.CA,Sell,458.998,50
T100294,2026-04-02,11:12:37,CPCI.CA,Buy,463.536,407
T100295,2026-04-02,12:22:10,CPCI.CA,Buy,458.294,1000
T100296,2026-04-02,12:28:09,CPCI.CA,Sell,456.523,65
T100297,2026-04-02,12:38:06,CPCI.CA,Buy,453.55,200
T100298,2026-04-02,12:34:46,CPCI.CA,Sell,456.707,50
T100299,2026-04-02,14:25:50,CPCI.CA,Sell,459.39,5728
T100300,2026-04-02,14:17:36,CPCI.CA,Sell,462.327,915
T100301,2026-04-02,11:51:08,CPCI.CA,Buy,463.723,10095
T100302,2026-04-02,10:57:07,CPCI.CA,Sell,465.652,10095
T100303,2026-04-02,13:36:48,CPCI.CA,Sell,462.375,407
T100304,2026-04-02,13:03:55,NRPD.CA,Sell,19.843,10095
T100305,2026-04-02,10:37:26,NRPD.CA,Sell,19.723,65
T100306,2026-04-02,11:32:17,NRPD.CA,Buy,19.637,100
T100307,2026-04-02,12:00:16,NRPD.CA,Sell,19.437,915
T100308,2026-04-02,12:04:30,NRPD.CA,Buy,19.317,915
T100309,2026-04-02,12:16:07,NRPD.CA,Buy,19.125,200
T100310,2026-04-02,10:42:53,NRPD.CA,Sell,18.92,100
T100311,2026-04-02,11:12:13,NRPD.CA,Sell,18.795,915
T100312,2026-04-02,11:53:14,ACAP.CA,Buy,8.858,30000
T100313,2026-04-02,13:45:07,ACAP.CA,Sell,8.798,407
T100314,2026-04-02,10:42:45,ACAP.CA,Sell,8.877,30000
T100315,2026-04-02,12:20:11,ACAP.CA,Sell,8.832,5728
T100316,2026-04-02,12:49:01,ACAP.CA,Buy,8.803,407
T100317,2026-04-02,14:18:55,ACAP.CA,Sell,8.706,100
T100318,2026-04-02,14:17:30,ACAP.CA,Buy,8.764,50
T100319,2026-04-02,12:18:18,ACAP.CA,Sell,8.787,100
T100320,2026-04-02,10:40:45,ACAP.CA,Sell,8.8,1000
T100321,2026-04-02,10:22:32,ACAP.CA,Sell,8.782,5000
T100322,2026-04-02,14:29:28,ACAP.CA,Buy,8.87,10095
T100323,2026-04-02,13:20:47,ACAP.CA,Sell,8.948,5000
T100324,2026-04-02,11:11:29,ACAP.CA,Buy,8.873,65
T100325,2026-04-02,11:21:13,ACAP.CA,Sell,8.877,1000
T100326,2026-04-02,10:28:20,ACAP.CA,Buy,8.953,5000
T100327,2026-04-02,10:37:35,ACAP.CA,Sell,9.043,5000
T100328,2026-04-02,12:53:12,ACAP.CA,Sell,9.142,50
T100329,2026-04-02,12:56:31,GTEX.CA,Buy,113.241,30000
T100330,2026-04-02,12:01:29,GTEX.CA,Buy,112.943,100
T100331,2026-04-02,11:00:47,GTEX.CA,Sell,111.891,5000
T100332,2026-04-02,13:21:43,GTEX.CA,Sell,112.445,50
T100333,2026-04-02,12:45:46,GTEX.CA,Buy,112.029,5728
T100334,2026-04-02,11:58:38,GTEX.CA,Sell,113.275,65
T100335,2026-04-02,11:04:48,GTEX.CA,Buy,114.466,50
T100336,2026-04-02,13:37:41,GTEX.CA,Buy,115.052,407
T100337,2026-04-02,12:59:34,GTEX.CA,Buy,113.724,5000
T100338,2026-04-02,12:38:05,GTEX.CA,Buy,114.528,30000
T100339,2026-04-02,13:53:41,GTEX.CA,Sell,113.758,915
T100340,2026-04-02,11:41:24,GTEX.CA,Buy,115.037,30000
T100341,2026-04-02,10:48:34,GTEX.CA,Sell,114.206,30000
T100342,2026-04-02,11:53:57,GTEX.CA,Sell,114.663,407
T100343,2026-04-02,11:16:01,GTEX.CA,Sell,113.939,200
T100344,2026-04-02,11:48:10,GTEX.CA,Sell,115.123,407
T100345,2026-04-05,12:49:58,MCQE.CA,Sell,173.912,100
T100346,2026-04-05,14:32:44,MCQE.CA,Sell,175.582,50
T100347,2026-04-05,11:02:38,MCQE.CA,Buy,175.18,10095
T100348,2026-04-05,12:54:59,MCQE.CA,Sell,176.735,5000
T100349,2026-04-05,13:09:44,MCQE.CA,Buy,174.946,50
T100350,2026-04-05,13:09:59,MCQE.CA,Sell,174.307,5000
T100351,2026-04-05,12:23:17,MCQE.CA,Buy,172.934,407
T100352,2026-04-05,11:24:18,MCQE.CA,Sell,174.258,5000
T100353,2026-04-05,13:59:50,MCQE.CA,Sell,172.93,915
T100354,2026-04-05,14:31:11,PRMH.CA,Sell,2.765,65
T100355,2026-04-05,14:35:17,PRMH.CA,Sell,2.782,50
T100356,2026-04-05,12:31:38,PRMH.CA,Buy,2.793,100
T100357,2026-04-05,11:43:35,PRMH.CA,Buy,2.825,10095
T100358,2026-04-05,13:31:57,PRMH.CA,Buy,2.847,65
T100359,2026-04-05,14:18:42,PRMH.CA,Buy,2.851,5728
T100360,2026-04-05,11:16:47,PRMH.CA,Buy,2.857,30000
T100361,2026-04-05,13:16:55,PRMH.CA,Sell,2.871,10095
T100362,2026-04-05,12:49:06,NHOZ.CA,Buy,18.608,50
T100363,2026-04-05,12:47:19,NHOZ.CA,Buy,18.661,200
T100364,2026-04-05,11:42:30,NHOZ.CA,Buy,18.486,200
T100365,2026-04-05,12:50:15,NHOZ.CA,Sell,18.685,5728
T100366,2026-04-05,11:28:24,NHOZ.CA,Buy,18.778,5728
T100367,2026-04-05,14:14:19,NHOZ.CA,Buy,18.761,200
T100368,2026-04-05,12:37:27,NHOZ.CA,Buy,18.567,5000
T100369,2026-04-05,12:23:01,NHOZ.CA,Sell,18.493,65
T100370,2026-04-05,12:35:13,NHOZ.CA,Sell,18.576,65
T100371,2026-04-05,13:16:42,NHOZ.CA,Sell,18.67,100
T100372,2026-04-05,12:32:25,NHOZ.CA,Buy,18.571,50
T100373,2026-04-05,13:51:41,NHOZ.CA,Buy,18.792,5000
T100374,2026-04-05,13:48:50,NHOZ.CA,Sell,18.936,30000
T100375,2026-04-05,12:11:53,ATQA.CA,Sell,9.63,915
T100376,2026-04-05,11:46:13,ATQA.CA,Buy,9.654,915
T100377,2026-04-05,12:32:24,ATQA.CA,Buy,9.556,1000
T100378,2026-04-05,14:31:09,ATQA.CA,Sell,9.55,10095
T100379,2026-04-05,12:27:32,ATQA.CA,Sell,9.448,407
T100380,2026-04-05,12:39:35,ATQA.CA,Sell,9.496,100
T100381,2026-04-05,11:39:39,ATQA.CA,Buy,9.385,65
T100382,2026-04-05,14:33:19,ATQA.CA,Buy,9.464,100
T100383,2026-04-05,11:33:18,ATQA.CA,Sell,9.42,30000
T100384,2026-04-05,11:14:26,ATQA.CA,Sell,9.51,5000
T100385,2026-04-05,10:59:02,ATQA.CA,Buy,9.495,5000
T100386,2026-04-05,13:19:53,ATQA.CA,Buy,9.607,100
T100387,2026-04-05,13:32:55,ATQA.CA,Buy,9.495,5728
T100388,2026-04-05,12:13:32,COIL.CA,Sell,1.612,1000
T100389,2026-04-05,10:44:51,COIL.CA,Sell,1.609,50
T100390,2026-04-05,12:28:49,COIL.CA,Buy,1.595,915
T100391,2026-04-05,11:19:02,COIL.CA,Sell,1.607,10095
T100392,2026-04-05,11:08:57,COIL.CA,Buy,1.604,200
T100393,2026-04-05,13:35:07,COIL.CA,Buy,1.598,65
T100394,2026-04-05,11:01:08,COIL.CA,Sell,1.592,200
T100395,2026-04-05,12:47:42,COIL.CA,Buy,1.583,5728
T100396,2026-04-05,12:40:04,COIL.CA,Sell,1.592,5000
T100397,2026-04-05,11:12:54,COIL.CA,Buy,1.6,10095
T100398,2026-04-05,14:23:48,COIL.CA,Sell,1.591,915
T100399,2026-04-05,10:23:53,COIL.CA,Buy,1.587,5728
T100400,2026-04-05,13:20:28,COIL.CA,Sell,1.58,5000
T100401,2026-04-05,10:52:19,SPIN.CA,Sell,14.219,10095
T100402,2026-04-05,10:46:23,SPIN.CA,Buy,14.38,915
T100403,2026-04-05,13:28:08,SPIN.CA,Sell,14.278,915
T100404,2026-04-05,14:18:51,SPIN.CA,Buy,14.419,1000
T100405,2026-04-05,12:56:28,SPIN.CA,Buy,14.424,200
T100406,2026-04-05,13:18:36,SPIN.CA,Sell,14.533,200
T100407,2026-04-05,12:26:59,SPIN.CA,Buy,14.641,5000
T100408,2026-04-05,12:41:32,SPIN.CA,Buy,14.631,30000
T100409,2026-04-05,13:46:51,SPIN.CA,Buy,14.609,50
T100410,2026-04-05,12:03:04,SPIN.CA,Buy,14.567,5728
T100411,2026-04-05,13:44:34,SPIN.CA,Sell,14.429,407
T100412,2026-04-05,10:53:48,EFID.CA,Buy,27.44,10095
T100413,2026-04-05,11:24:19,EFID.CA,Sell,27.339,1000
T100414,2026-04-05,14:34:34,EFID.CA,Sell,27.12,1000
T100415,2026-04-05,12:49:27,EFID.CA,Buy,27.375,100
T100416,2026-04-05,10:18:50,EFID.CA,Buy,27.078,10095
T100417,2026-04-05,12:35:34,EFID.CA,Sell,26.771,5728
T100418,2026-04-05,12:56:01,EFID.CA,Buy,27.011,10095
T100419,2026-04-05,11:46:39,EFID.CA,Buy,26.847,100
T100420,2026-04-05,10:38:03,EFID.CA,Sell,26.884,200
T100421,2026-04-05,10:57:31,EFID.CA,Sell,27.114,407
T100422,2026-04-05,13:56:01,EFID.CA,Sell,27.053,30000
T100423,2026-04-05,11:20:20,EFID.CA,Buy,26.942,407
T100424,2026-04-05,11:23:40,EFID.CA,Buy,27.062,65
T100425,2026-04-05,13:59:13,EFID.CA,Buy,26.79,30000
T100426,2026-04-05,14:20:04,EFID.CA,Buy,26.822,407
T100427,2026-04-05,14:34:05,EFID.CA,Buy,26.563,10095
T100428,2026-04-05,11:37:30,JUFO.CA,Sell,29.69,5728
T100429,2026-04-05,14:30:49,JUFO.CA,Buy,29.436,10095
T100430,2026-04-05,10:31:12,JUFO.CA,Sell,29.71,10095
T100431,2026-04-05,13:41:35,JUFO.CA,Sell,29.882,100
T100432,2026-04-05,12:15:09,JUFO.CA,Sell,30.054,65
T100433,2026-04-05,11:00:02,JUFO.CA,Sell,30.08,5728
T100434,2026-04-05,13:31:53,JUFO.CA,Buy,30.004,407
T100435,2026-04-05,13:08:12,JUFO.CA,Sell,29.88,50
T100436,2026-04-05,10:16:07,JUFO.CA,Buy,29.6,50
T100437,2026-04-05,13:56:25,JUFO.CA,Sell,29.603,65
T100438,2026-04-05,12:43:08,JUFO.CA,Buy,29.618,30000
T100439,2026-04-05,13:42:01,CPCI.CA,Buy,450.364,10095
T100440,2026-04-05,13:13:37,CPCI.CA,Buy,452.619,200
T100441,2026-04-05,10:43:58,CPCI.CA,Sell,457.508,50
T100442,2026-04-05,10:55:54,CPCI.CA,Sell,455.86,1000
T100443,2026-04-05,12:16:20,CPCI.CA,Sell,453.389,30000
T100444,2026-04-05,10:46:15,CPCI.CA,Sell,449.739,407
T100445,2026-04-05,12:02:14,CPCI.CA,Buy,453.774,5000
T100446,2026-04-05,13:18:40,CPCI.CA,Buy,455.58,915
T100447,2026-04-05,12:04:18,CPCI.CA,Buy,454.344,5728
T100448,2026-04-05,11:10:12,CPCI.CA,Sell,451.472,407
T100449,2026-04-05,12:55:35,CPCI.CA,Sell,451.585,50
T100450,2026-04-05,13:25:01,CPCI.CA,Sell,448.366,915
T100451,2026-04-05,10:30:25,CPCI.CA,Buy,443.204,915
T100452,2026-04-05,13:57:55,CPCI.CA,Buy,440.362,10095
T100453,2026-04-05,10:53:44,CPCI.CA,Sell,442.476,407
T100454,2026-04-05,14:27:15,CPCI.CA,Buy,439.571,915
T100455,2026-04-05,12:56:08,CPCI.CA,Buy,442.084,1000
T100456,2026-04-05,10:40:38,NRPD.CA,Buy,18.837,65
T100457,2026-04-05,14:01:24,NRPD.CA,Buy,18.959,100
T100458,2026-04-05,10:34:04,NRPD.CA,Buy,19.122,50
T100459,2026-04-05,13:28:19,NRPD.CA,Buy,18.92,1000
T100460,2026-04-05,13:46:56,NRPD.CA,Sell,18.805,10095
T100461,2026-04-05,13:51:52,NRPD.CA,Sell,18.806,30000
T100462,2026-04-05,12:08:33,NRPD.CA,Sell,18.824,407
T100463,2026-04-05,13:12:55,NRPD.CA,Sell,19.019,407
T100464,2026-04-05,10:57:56,NRPD.CA,Buy,18.812,1000
T100465,2026-04-05,14:35:54,NRPD.CA,Sell,18.695,50
T100466,2026-04-05,12:49:19,NRPD.CA,Sell,18.543,30000
T100467,2026-04-05,10:56:30,NRPD.CA,Sell,18.666,10095
T100468,2026-04-05,13:27:37,NRPD.CA,Buy,18.711,407
T100469,2026-04-05,13:54:46,NRPD.CA,Buy,18.888,30000
T100470,2026-04-05,11:29:52,NRPD.CA,Sell,18.859,50
T100471,2026-04-05,14:30:52,NRPD.CA,Sell,18.684,5728
T100472,2026-04-05,14:25:14,ACAP.CA,Buy,9.375,1000
T100473,2026-04-05,13:28:32,ACAP.CA,Buy,9.436,915
T100474,2026-04-05,10:23:40,ACAP.CA,Sell,9.416,915
T100475,2026-04-05,10:57:00,ACAP.CA,Buy,9.34,5000
T100476,2026-04-05,10:49:43,ACAP.CA,Buy,9.25,5000
T100477,2026-04-05,13:38:03,ACAP.CA,Buy,9.17,407
T100478,2026-04-05,13:33:36,ACAP.CA,Buy,9.085,50
T100479,2026-04-05,12:31:58,ACAP.CA,Buy,8.982,65
T100480,2026-04-05,13:26:31,ACAP.CA,Sell,8.943,1000
T100481,2026-04-05,11:48:50,ACAP.CA,Buy,8.921,200
T100482,2026-04-05,12:51:07,ACAP.CA,Buy,8.989,100
T100483,2026-04-05,13:33:45,ACAP.CA,Sell,8.946,915
T100484,2026-04-05,12:59:26,ACAP.CA,Buy,8.844,407
T100485,2026-04-05,12:35:31,GTEX.CA,Buy,115.895,200
T100486,2026-04-05,11:59:50,GTEX.CA,Sell,115.398,1000
T100487,2026-04-05,11:12:10,GTEX.CA,Sell,114.942,50
T100488,2026-04-05,13:33:44,GTEX.CA,Sell,116.145,407
T100489,2026-04-05,12:15:24,GTEX.CA,Sell,117.324,200
T100490,2026-04-05,12:15:03,GTEX.CA,Buy,116.498,10095
T100491,2026-04-05,11:12:55,GTEX.CA,Sell,115.725,5000
T100492,2026-04-05,10:21:19,GTEX.CA,Sell,116.136,5000
T100493,2026-04-05,10:41:19,GTEX.CA,Sell,116.379,5728
T100494,2026-04-05,13:29:41,GTEX.CA,Buy,115.568,30000
T100495,2026-04-05,13:13:56,GTEX.CA,Sell,114.877,5000
T100496,2026-04-05,12:26:45,GTEX.CA,Buy,115.306,200
T100497,2026-04-05,12:43:50,GTEX.CA,Sell,114.66,915
T100498,2026-04-06,13:56:58,MCQE.CA,Buy,183.772,30000
T100499,2026-04-06,12:29:12,MCQE.CA,Buy,182.895,5000
T100500,2026-04-06,14:03:46,MCQE.CA,Sell,184.614,1000
T100501,2026-04-06,11:37:25,MCQE.CA,Buy,184.272,5000
T100502,2026-04-06,10:59:51,MCQE.CA,Sell,184.003,30000
T100503,2026-04-06,14:14:02,MCQE.CA,Sell,182.359,5728
T100504,2026-04-06,10:48:35,MCQE.CA,Sell,184.071,200
T100505,2026-04-06,13:23:33,MCQE.CA,Sell,184.037,407
T100506,2026-04-06,14:00:54,MCQE.CA,Buy,184.958,5000
T100507,2026-04-06,14:25:02,MCQE.CA,Sell,186.324,200
T100508,2026-04-06,11:13:24,MCQE.CA,Buy,186.582,100
T100509,2026-04-06,14:34:13,MCQE.CA,Sell,185.239,915
T100510,2026-04-06,12:10:38,MCQE.CA,Sell,183.554,50
T100511,2026-04-06,11:17:26,MCQE.CA,Buy,182.998,5000
T100512,2026-04-06,12:54:30,MCQE.CA,Sell,182.619,407
T100513,2026-04-06,11:12:24,PRMH.CA,Buy,2.821,407
T100514,2026-04-06,13:18:33,PRMH.CA,Buy,2.817,100
T100515,2026-04-06,10:48:43,PRMH.CA,Buy,2.787,1000
T100516,2026-04-06,12:35:34,PRMH.CA,Buy,2.817,100
T100517,2026-04-06,11:27:57,PRMH.CA,Buy,2.834,200
T100518,2026-04-06,13:11:00,PRMH.CA,Buy,2.867,1000
T100519,2026-04-06,10:42:19,PRMH.CA,Sell,2.874,10095
T100520,2026-04-06,11:34:16,PRMH.CA,Sell,2.839,5728
T100521,2026-04-06,12:24:35,PRMH.CA,Buy,2.858,5728
T100522,2026-04-06,10:31:10,PRMH.CA,Sell,2.856,407
T100523,2026-04-06,13:44:15,PRMH.CA,Sell,2.826,100
T100524,2026-04-06,13:21:20,PRMH.CA,Sell,2.848,915
T100525,2026-04-06,10:29:38,PRMH.CA,Buy,2.872,65
T100526,2026-04-06,14:09:29,NHOZ.CA,Sell,18.036,407
T100527,2026-04-06,11:34:07,NHOZ.CA,Sell,17.992,100
T100528,2026-04-06,12:46:32,NHOZ.CA,Buy,17.818,65
T100529,2026-04-06,11:43:40,NHOZ.CA,Buy,17.612,100
T100530,2026-04-06,12:39:28,NHOZ.CA,Sell,17.562,5728
T100531,2026-04-06,13:11:55,NHOZ.CA,Sell,17.718,5728
T100532,2026-04-06,13:44:22,NHOZ.CA,Buy,17.847,5728
T100533,2026-04-06,13:25:28,NHOZ.CA,Sell,17.733,10095
T100534,2026-04-06,12:21:19,NHOZ.CA,Sell,17.763,50
T100535,2026-04-06,10:39:01,NHOZ.CA,Buy,17.592,10095
T100536,2026-04-06,10:28:36,NHOZ.CA,Sell,17.733,407
T100537,2026-04-06,13:57:06,ATQA.CA,Buy,9.661,100
T100538,2026-04-06,13:08:09,ATQA.CA,Sell,9.743,407
T100539,2026-04-06,13:28:35,ATQA.CA,Sell,9.808,30000
T100540,2026-04-06,12:23:59,ATQA.CA,Sell,9.735,50
T100541,2026-04-06,13:57:44,ATQA.CA,Sell,9.698,30000
T100542,2026-04-06,12:42:15,ATQA.CA,Sell,9.742,915
T100543,2026-04-06,11:01:59,ATQA.CA,Buy,9.668,407
T100544,2026-04-06,12:37:41,ATQA.CA,Sell,9.654,915
T100545,2026-04-06,13:56:25,ATQA.CA,Buy,9.639,5000
T100546,2026-04-06,12:36:45,ATQA.CA,Buy,9.547,65
T100547,2026-04-06,13:17:35,ATQA.CA,Sell,9.647,5000
T100548,2026-04-06,14:18:52,ATQA.CA,Sell,9.695,1000
T100549,2026-04-06,13:26:39,ATQA.CA,Buy,9.723,10095
T100550,2026-04-06,12:14:57,ATQA.CA,Sell,9.692,5000
T100551,2026-04-06,12:02:41,ATQA.CA,Buy,9.651,200
T100552,2026-04-06,11:42:44,ATQA.CA,Buy,9.617,100
T100553,2026-04-06,13:44:47,ATQA.CA,Sell,9.547,65
T100554,2026-04-06,11:43:08,ATQA.CA,Buy,9.467,407
T100555,2026-04-06,13:56:10,COIL.CA,Buy,1.616,1000
T100556,2026-04-06,11:21:05,COIL.CA,Buy,1.614,1000
T100557,2026-04-06,14:18:10,COIL.CA,Sell,1.632,100
T100558,2026-04-06,14:18:06,COIL.CA,Sell,1.644,5000
T100559,2026-04-06,10:33:13,COIL.CA,Sell,1.653,1000
T100560,2026-04-06,14:19:37,COIL.CA,Sell,1.647,10095
T100561,2026-04-06,11:46:42,COIL.CA,Buy,1.638,5728
T100562,2026-04-06,13:27:11,COIL.CA,Sell,1.627,915
T100563,2026-04-06,10:26:27,COIL.CA,Buy,1.608,5000
T100564,2026-04-06,13:20:56,COIL.CA,Buy,1.614,200
T100565,2026-04-06,11:44:12,SPIN.CA,Buy,14.186,915
T100566,2026-04-06,12:07:36,SPIN.CA,Buy,14.152,65
T100567,2026-04-06,12:52:18,SPIN.CA,Buy,14.118,5728
T100568,2026-04-06,10:27:09,SPIN.CA,Buy,14.154,50
T100569,2026-04-06,12:15:26,SPIN.CA,Buy,14.037,407
T100570,2026-04-06,14:04:02,SPIN.CA,Sell,14.175,30000
T100571,2026-04-06,11:51:18,SPIN.CA,Buy,14.129,10095
T100572,2026-04-06,12:46:53,SPIN.CA,Buy,14.077,30000
T100573,2026-04-06,12:23:25,SPIN.CA,Sell,13.972,5728
T100574,2026-04-06,13:19:52,SPIN.CA,Buy,13.866,30000
T100575,2026-04-06,10:35:44,SPIN.CA,Buy,13.845,100
T100576,2026-04-06,13:48:34,SPIN.CA,Buy,13.918,915
T100577,2026-04-06,11:57:40,SPIN.CA,Sell,14.064,65
T100578,2026-04-06,14:35:46,SPIN.CA,Buy,14.028,5728
T100579,2026-04-06,10:28:12,EFID.CA,Sell,27.759,30000
T100580,2026-04-06,13:53:46,EFID.CA,Buy,27.602,65
T100581,2026-04-06,10:53:12,EFID.CA,Sell,27.35,30000
T100582,2026-04-06,13:46:18,EFID.CA,Buy,27.456,5728
T100583,2026-04-06,11:03:45,EFID.CA,Buy,27.532,407
T100584,2026-04-06,14:01:31,EFID.CA,Sell,27.253,100
T100585,2026-04-06,10:48:59,EFID.CA,Buy,27.17,915
T100586,2026-04-06,12:05:35,EFID.CA,Buy,27.3,5000
T100587,2026-04-06,10:35:57,JUFO.CA,Sell,30.824,200
T100588,2026-04-06,13:33:21,JUFO.CA,Sell,30.669,407
T100589,2026-04-06,10:15:10,JUFO.CA,Sell,30.739,200
T100590,2026-04-06,10:46:33,JUFO.CA,Buy,30.831,200
T100591,2026-04-06,10:26:15,JUFO.CA,Sell,30.522,407
T100592,2026-04-06,11:37:41,JUFO.CA,Sell,30.769,5000
T100593,2026-04-06,10:55:27,JUFO.CA,Sell,30.675,100
T100594,2026-04-06,12:30:13,JUFO.CA,Sell,30.547,50
T100595,2026-04-06,13:15:53,JUFO.CA,Sell,30.776,407
T100596,2026-04-06,13:15:30,JUFO.CA,Buy,31.034,5728
T100597,2026-04-06,12:57:22,JUFO.CA,Buy,31.158,10095
T100598,2026-04-06,13:09:45,JUFO.CA,Buy,31.108,30000
T100599,2026-04-06,12:08:48,JUFO.CA,Sell,30.852,1000
T100600,2026-04-06,12:16:50,JUFO.CA,Sell,31.174,50
T100601,2026-04-06,12:38:57,JUFO.CA,Sell,31.066,65
T100602,2026-04-06,13:53:43,CPCI.CA,Sell,462.644,50
T100603,2026-04-06,10:23:22,CPCI.CA,Sell,465.061,200
T100604,2026-04-06,11:55:27,CPCI.CA,Sell,470.179,5728
T100605,2026-04-06,12:51:38,CPCI.CA,Sell,470.129,5728
T100606,2026-04-06,13:19:13,CPCI.CA,Buy,466.0,50
T100607,2026-04-06,11:23:17,CPCI.CA,Sell,462.449,65
T100608,2026-04-06,14:19:33,CPCI.CA,Sell,465.869,50
T100609,2026-04-06,12:21:10,CPCI.CA,Buy,466.53,915
T100610,2026-04-06,14:27:59,CPCI.CA,Sell,472.11,30000
T100611,2026-04-06,14:00:32,CPCI.CA,Sell,477.265,5728
T100612,2026-04-06,10:40:04,CPCI.CA,Buy,481.61,5000
T100613,2026-04-06,10:42:58,CPCI.CA,Sell,480.121,1000
T100614,2026-04-06,10:55:13,CPCI.CA,Buy,477.07,5000
T100615,2026-04-06,13:49:24,CPCI.CA,Buy,481.551,1000
T100616,2026-04-06,13:27:35,CPCI.CA,Buy,481.911,50
T100617,2026-04-06,12:22:16,CPCI.CA,Sell,487.172,5728
T100618,2026-04-06,13:44:19,NRPD.CA,Sell,19.962,30000
T100619,2026-04-06,11:12:59,NRPD.CA,Sell,19.772,100
T100620,2026-04-06,14:31:00,NRPD.CA,Sell,19.586,915
T100621,2026-04-06,13:37:48,NRPD.CA,Buy,19.685,5000
T100622,2026-04-06,12:44:47,NRPD.CA,Buy,19.643,100
T100623,2026-04-06,12:33:14,NRPD.CA,Buy,19.527,5000
T100624,2026-04-06,13:25:12,NRPD.CA,Buy,19.378,10095
T100625,2026-04-06,11:53:26,NRPD.CA,Buy,19.247,5000
T100626,2026-04-06,12:01:50,NRPD.CA,Buy,19.206,5728
T100627,2026-04-06,12:21:49,NRPD.CA,Sell,19.016,915
T100628,2026-04-06,10:57:11,NRPD.CA,Buy,18.924,10095
T100629,2026-04-06,12:49:39,ACAP.CA,Sell,9.529,5000
T100630,2026-04-06,13:48:28,ACAP.CA,Buy,9.55,5728
T100631,2026-04-06,12:51:14,ACAP.CA,Buy,9.523,50
T100632,2026-04-06,10:46:38,ACAP.CA,Buy,9.599,65
T100633,2026-04-06,10:18:49,ACAP.CA,Sell,9.706,30000
T100634,2026-04-06,13:27:38,ACAP.CA,Buy,9.668,915
T100635,2026-04-06,14:24:12,ACAP.CA,Buy,9.749,200
T100636,2026-04-06,13:25:40,ACAP.CA,Sell,9.827,50
T100637,2026-04-06,12:41:19,GTEX.CA,Sell,110.087,5728
T100638,2026-04-06,10:57:35,GTEX.CA,Sell,111.176,100
T100639,2026-04-06,13:22:46,GTEX.CA,Sell,112.104,50
T100640,2026-04-06,10:53:34,GTEX.CA,Buy,112.216,200
T100641,2026-04-06,11:30:41,GTEX.CA,Sell,113.502,100
T100642,2026-04-06,10:16:10,GTEX.CA,Sell,113.987,5728
T100643,2026-04-06,10:42:26,GTEX.CA,Sell,113.489,5728
T100644,2026-04-06,10:42:50,GTEX.CA,Buy,113.921,65
T100645,2026-04-06,14:06:57,GTEX.CA,Buy,114.584,5728
T100646,2026-04-06,12:21:54,GTEX.CA,Sell,114.343,10095
T100647,2026-04-06,12:59:29,GTEX.CA,Buy,113.18,200
T100648,2026-04-06,10:56:55,GTEX.CA,Buy,112.498,5000
T100649,2026-04-06,14:09:53,GTEX.CA,Sell,111.638,10095
T100650,2026-04-06,14:30:13,GTEX.CA,Sell,111.974,10095
T100651,2026-04-06,10:16:44,GTEX.CA,Sell,113.023,50
T100652,2026-04-06,14:28:39,GTEX.CA,Sell,113.688,1000
T100653,2026-04-06,12:15:20,GTEX.CA,Sell,113.808,5000
T100654,2026-04-06,11:13:01,GTEX.CA,Buy,112.987,407
T100655,2026-04-07,12:43:09,MCQE.CA,Buy,168.006,50
T100656,2026-04-07,11:27:43,MCQE.CA,Buy,167.461,30000
T100657,2026-04-07,10:34:45,MCQE.CA,Sell,168.89,1000
T100658,2026-04-07,12:45:04,MCQE.CA,Buy,167.92,1000
T100659,2026-04-07,10:34:38,MCQE.CA,Buy,167.748,915
T100660,2026-04-07,11:51:41,MCQE.CA,Buy,167.22,10095
T100661,2026-04-07,11:14:08,MCQE.CA,Sell,166.084,1000
T100662,2026-04-07,14:02:33,MCQE.CA,Sell,167.149,100
T100663,2026-04-07,13:26:55,MCQE.CA,Sell,166.228,5000
T100664,2026-04-07,10:22:58,MCQE.CA,Buy,166.961,915
T100665,2026-04-07,12:53:50,MCQE.CA,Sell,167.252,100
T100666,2026-04-07,12:04:52,MCQE.CA,Buy,165.607,30000
T100667,2026-04-07,13:41:27,MCQE.CA,Buy,166.797,65
T100668,2026-04-07,12:19:55,MCQE.CA,Buy,166.956,407
T100669,2026-04-07,14:25:04,MCQE.CA,Sell,167.016,915
T100670,2026-04-07,11:03:33,MCQE.CA,Sell,165.31,915
T100671,2026-04-07,14:03:39,PRMH.CA,Sell,2.823,407
T100672,2026-04-07,12:07:09,PRMH.CA,Buy,2.811,5728
T100673,2026-04-07,11:41:30,PRMH.CA,Buy,2.815,200
T100674,2026-04-07,12:12:04,PRMH.CA,Buy,2.826,50
T100675,2026-04-07,11:55:21,PRMH.CA,Sell,2.826,1000
T100676,2026-04-07,12:49:51,PRMH.CA,Buy,2.819,30000
T100677,2026-04-07,11:52:48,PRMH.CA,Sell,2.808,5000
T100678,2026-04-07,12:59:40,PRMH.CA,Sell,2.829,915
T100679,2026-04-07,10:59:53,PRMH.CA,Buy,2.811,1000
T100680,2026-04-07,13:13:27,PRMH.CA,Buy,2.816,10095
T100681,2026-04-07,11:32:18,PRMH.CA,Buy,2.817,915
T100682,2026-04-07,11:55:09,PRMH.CA,Buy,2.816,100
T100683,2026-04-07,10:32:15,PRMH.CA,Sell,2.784,407
T100684,2026-04-07,13:40:34,PRMH.CA,Sell,2.811,100
T100685,2026-04-07,12:26:47,NHOZ.CA,Buy,18.861,1000
T100686,2026-04-07,10:17:36,NHOZ.CA,Buy,19.052,200
T100687,2026-04-07,10:53:35,NHOZ.CA,Sell,18.83,200
T100688,2026-04-07,11:28:23,NHOZ.CA,Buy,18.935,5000
T100689,2026-04-07,11:34:50,NHOZ.CA,Sell,18.926,30000
T100690,2026-04-07,13:44:28,NHOZ.CA,Buy,18.864,200
T100691,2026-04-07,13:42:26,NHOZ.CA,Buy,18.95,915
T100692,2026-04-07,12:55:01,NHOZ.CA,Buy,18.85,50
T100693,2026-04-07,12:20:01,NHOZ.CA,Buy,18.805,407
T100694,2026-04-07,12:59:10,ATQA.CA,Sell,9.931,30000
T100695,2026-04-07,11:43:43,ATQA.CA,Buy,9.824,1000
T100696,2026-04-07,11:29:28,ATQA.CA,Sell,9.835,65
T100697,2026-04-07,10:47:14,ATQA.CA,Sell,9.935,50
T100698,2026-04-07,13:26:59,ATQA.CA,Sell,10.041,10095
T100699,2026-04-07,10:16:39,ATQA.CA,Buy,10.142,50
T100700,2026-04-07,13:43:07,ATQA.CA,Buy,10.199,407
T100701,2026-04-07,12:48:46,ATQA.CA,Buy,10.079,50
T100702,2026-04-07,13:54:00,ATQA.CA,Buy,10.018,30000
T100703,2026-04-07,11:05:36,ATQA.CA,Sell,9.924,200
T100704,2026-04-07,10:33:42,ATQA.CA,Sell,10.008,407
T100705,2026-04-07,10:43:22,ATQA.CA,Buy,9.937,915
T100706,2026-04-07,10:59:36,ATQA.CA,Sell,10.024,915
T100707,2026-04-07,11:46:19,ATQA.CA,Sell,10.1,50
T100708,2026-04-07,12:29:34,ATQA.CA,Sell,10.049,65
T100709,2026-04-07,14:14:05,ATQA.CA,Sell,10.108,10095
T100710,2026-04-07,11:21:03,COIL.CA,Sell,1.654,65
T100711,2026-04-07,11:06:39,COIL.CA,Sell,1.638,10095
T100712,2026-04-07,10:26:20,COIL.CA,Buy,1.621,5728
T100713,2026-04-07,10:31:55,COIL.CA,Buy,1.616,915
T100714,2026-04-07,11:17:04,COIL.CA,Sell,1.629,1000
T100715,2026-04-07,12:02:58,COIL.CA,Buy,1.616,407
T100716,2026-04-07,13:27:30,COIL.CA,Sell,1.63,100
T100717,2026-04-07,10:22:36,COIL.CA,Buy,1.645,10095
T100718,2026-04-07,10:39:14,COIL.CA,Sell,1.635,5000
T100719,2026-04-07,13:29:56,COIL.CA,Buy,1.641,30000
T100720,2026-04-07,11:13:11,COIL.CA,Sell,1.634,10095
T100721,2026-04-07,11:10:39,COIL.CA,Sell,1.646,5000
T100722,2026-04-07,10:33:03,COIL.CA,Sell,1.643,10095
T100723,2026-04-07,11:19:08,COIL.CA,Sell,1.651,50
T100724,2026-04-07,12:08:24,COIL.CA,Sell,1.635,407
T100725,2026-04-07,11:46:42,COIL.CA,Buy,1.646,407
T100726,2026-04-07,12:17:36,SPIN.CA,Sell,14.619,1000
T100727,2026-04-07,11:19:45,SPIN.CA,Sell,14.715,10095
T100728,2026-04-07,10:23:09,SPIN.CA,Sell,14.788,5000
T100729,2026-04-07,11:52:56,SPIN.CA,Sell,14.939,50
T100730,2026-04-07,10:58:57,SPIN.CA,Sell,14.984,1000
T100731,2026-04-07,10:18:28,SPIN.CA,Buy,15.08,5728
T100732,2026-04-07,11:37:53,SPIN.CA,Sell,15.177,10095
T100733,2026-04-07,12:57:31,SPIN.CA,Sell,15.07,200
T100734,2026-04-07,10:50:54,SPIN.CA,Buy,15.003,10095
T100735,2026-04-07,13:56:35,SPIN.CA,Sell,14.853,65
T100736,2026-04-07,11:32:05,SPIN.CA,Sell,14.854,1000
T100737,2026-04-07,10:18:28,SPIN.CA,Sell,15.02,200
T100738,2026-04-07,13:43:04,EFID.CA,Buy,28.467,50
T100739,2026-04-07,10:36:20,EFID.CA,Sell,28.735,5000
T100740,2026-04-07,12:16:17,EFID.CA,Buy,28.592,65
T100741,2026-04-07,12:41:22,EFID.CA,Sell,28.796,100
T100742,2026-04-07,13:26:54,EFID.CA,Buy,28.677,10095
T100743,2026-04-07,10:57:23,EFID.CA,Sell,28.589,200
T100744,2026-04-07,11:11:07,EFID.CA,Sell,28.337,30000
T100745,2026-04-07,12:39:05,EFID.CA,Buy,28.4,200
T100746,2026-04-07,13:48:55,JUFO.CA,Sell,30.197,407
T100747,2026-04-07,11:42:01,JUFO.CA,Sell,30.33,100
T100748,2026-04-07,10:22:45,JUFO.CA,Sell,30.363,5000
T100749,2026-04-07,11:44:34,JUFO.CA,Sell,30.555,65
T100750,2026-04-07,13:55:24,JUFO.CA,Buy,30.596,5728
T100751,2026-04-07,12:47:23,JUFO.CA,Buy,30.696,30000
T100752,2026-04-07,12:01:30,JUFO.CA,Buy,30.926,50
T100753,2026-04-07,12:46:09,JUFO.CA,Sell,30.847,10095
T100754,2026-04-07,14:09:22,JUFO.CA,Buy,30.5,407
T100755,2026-04-07,11:49:03,CPCI.CA,Buy,452.643,100
T100756,2026-04-07,13:34:52,CPCI.CA,Buy,453.719,5728
T100757,2026-04-07,10:59:40,CPCI.CA,Buy,457.887,100
T100758,2026-04-07,11:55:26,CPCI.CA,Buy,458.371,915
T100759,2026-04-07,13:05:51,CPCI.CA,Sell,457.323,1000
T100760,2026-04-07,12:42:58,CPCI.CA,Buy,461.941,1000
T100761,2026-04-07,13:15:35,CPCI.CA,Buy,461.948,10095
T100762,2026-04-07,13:18:28,CPCI.CA,Sell,457.32,100
T100763,2026-04-07,11:20:33,CPCI.CA,Sell,457.901,100
T100764,2026-04-07,11:21:43,CPCI.CA,Sell,458.84,65
T100765,2026-04-07,13:03:31,CPCI.CA,Sell,454.356,407
T100766,2026-04-07,10:44:08,CPCI.CA,Buy,459.213,5728
T100767,2026-04-07,12:09:12,CPCI.CA,Buy,459.361,50
T100768,2026-04-07,13:00:06,CPCI.CA,Sell,464.274,407
T100769,2026-04-07,12:37:22,CPCI.CA,Buy,460.979,5000
T100770,2026-04-07,12:18:31,CPCI.CA,Buy,455.941,50
T100771,2026-04-07,11:12:45,CPCI.CA,Sell,453.696,1000
T100772,2026-04-07,12:11:24,NRPD.CA,Sell,19.308,30000
T100773,2026-04-07,13:57:30,NRPD.CA,Buy,19.372,915
T100774,2026-04-07,13:35:52,NRPD.CA,Buy,19.172,1000
T100775,2026-04-07,12:44:43,NRPD.CA,Buy,19.033,1000
T100776,2026-04-07,11:21:08,NRPD.CA,Buy,19.247,915
T100777,2026-04-07,11:29:52,NRPD.CA,Sell,19.438,100
T100778,2026-04-07,13:38:17,NRPD.CA,Buy,19.481,915
T100779,2026-04-07,14:01:50,NRPD.CA,Sell,19.673,5728
T100780,2026-04-07,13:00:14,ACAP.CA,Buy,9.555,5000
T100781,2026-04-07,14:16:38,ACAP.CA,Sell,9.661,200
T100782,2026-04-07,10:23:10,ACAP.CA,Buy,9.664,407
T100783,2026-04-07,14:06:38,ACAP.CA,Sell,9.774,5728
T100784,2026-04-07,13:18:16,ACAP.CA,Buy,9.762,30000
T100785,2026-04-07,14:28:50,ACAP.CA,Sell,9.725,50
T100786,2026-04-07,11:42:15,ACAP.CA,Buy,9.749,1000
T100787,2026-04-07,13:42:24,ACAP.CA,Buy,9.695,1000
T100788,2026-04-07,13:46:14,ACAP.CA,Sell,9.78,5728
T100789,2026-04-07,10:45:22,ACAP.CA,Sell,9.737,1000
T100790,2026-04-07,12:51:13,ACAP.CA,Sell,9.653,200
T100791,2026-04-07,12:28:24,ACAP.CA,Sell,9.681,100
T100792,2026-04-07,12:39:57,ACAP.CA,Buy,9.608,50
T100793,2026-04-07,13:34:38,ACAP.CA,Buy,9.564,5728
T100794,2026-04-07,12:52:16,ACAP.CA,Buy,9.645,5728
T100795,2026-04-07,11:50:45,ACAP.CA,Sell,9.635,30000
T100796,2026-04-07,14:28:57,GTEX.CA,Sell,108.088,5728
T100797,2026-04-07,14:04:02,GTEX.CA,Buy,107.719,65
T100798,2026-04-07,11:24:44,GTEX.CA,Buy,107.119,915
T100799,2026-04-07,13:18:33,GTEX.CA,Buy,106.257,1000
T100800,2026-04-07,12:30:27,GTEX.CA,Sell,105.21,1000
T100801,2026-04-07,14:05:10,GTEX.CA,Buy,103.986,65
T100802,2026-04-07,12:40:16,GTEX.CA,Buy,103.403,100
T100803,2026-04-07,13:44:53,GTEX.CA,Sell,103.357,5728
T100804,2026-04-07,13:30:34,GTEX.CA,Buy,103.037,407
T100805,2026-04-07,12:50:21,GTEX.CA,Sell,103.494,100
T100806,2026-04-07,14:08:19,GTEX.CA,Sell,104.677,5728
T100807,2026-04-07,12:35:00,GTEX.CA,Buy,104.839,65
T100808,2026-04-07,13:26:07,GTEX.CA,Sell,103.979,1000
T100809,2026-04-07,12:40:15,GTEX.CA,Buy,104.243,5000
T100810,2026-04-08,13:03:01,MCQE.CA,Sell,181.083,915
T100811,2026-04-08,10:27:51,MCQE.CA,Buy,183.152,915
T100812,2026-04-08,12:54:26,MCQE.CA,Sell,182.476,50
T100813,2026-04-08,12:37:42,MCQE.CA,Sell,182.114,407
T100814,2026-04-08,11:00:20,MCQE.CA,Sell,181.918,10095
T100815,2026-04-08,11:03:30,MCQE.CA,Sell,181.494,5000
T100816,2026-04-08,14:22:36,MCQE.CA,Buy,180.253,100
T100817,2026-04-08,14:22:21,MCQE.CA,Buy,181.26,407
T100818,2026-04-08,11:47:59,MCQE.CA,Sell,180.881,30000
T100819,2026-04-08,12:19:03,MCQE.CA,Sell,182.835,5728
T100820,2026-04-08,13:32:14,PRMH.CA,Sell,2.626,407
T100821,2026-04-08,13:17:50,PRMH.CA,Buy,2.644,5728
T100822,2026-04-08,14:09:51,PRMH.CA,Sell,2.672,407
T100823,2026-04-08,14:33:34,PRMH.CA,Buy,2.692,5000
T100824,2026-04-08,12:18:30,PRMH.CA,Sell,2.713,1000
T100825,2026-04-08,12:04:49,PRMH.CA,Buy,2.74,65
T100826,2026-04-08,12:30:48,PRMH.CA,Buy,2.738,5000
T100827,2026-04-08,14:07:30,PRMH.CA,Buy,2.717,5728
T100828,2026-04-08,12:19:56,PRMH.CA,Sell,2.702,200
T100829,2026-04-08,12:13:01,PRMH.CA,Buy,2.709,1000
T100830,2026-04-08,10:41:17,NHOZ.CA,Buy,18.227,915
T100831,2026-04-08,13:14:46,NHOZ.CA,Buy,18.256,407
T100832,2026-04-08,14:30:14,NHOZ.CA,Buy,18.163,30000
T100833,2026-04-08,12:09:06,NHOZ.CA,Sell,18.018,100
T100834,2026-04-08,13:26:47,NHOZ.CA,Sell,18.069,1000
T100835,2026-04-08,12:48:30,NHOZ.CA,Sell,18.232,65
T100836,2026-04-08,14:10:20,NHOZ.CA,Sell,18.055,10095
T100837,2026-04-08,12:37:34,NHOZ.CA,Buy,17.994,915
T100838,2026-04-08,14:17:23,NHOZ.CA,Buy,17.976,30000
T100839,2026-04-08,13:14:06,NHOZ.CA,Sell,18.123,407
T100840,2026-04-08,13:55:23,NHOZ.CA,Buy,18.136,200
T100841,2026-04-08,14:35:13,NHOZ.CA,Buy,18.194,407
T100842,2026-04-08,12:29:19,NHOZ.CA,Sell,18.291,407
T100843,2026-04-08,14:12:18,NHOZ.CA,Buy,18.32,65
T100844,2026-04-08,12:39:08,ATQA.CA,Sell,9.531,30000
T100845,2026-04-08,12:41:49,ATQA.CA,Sell,9.564,5000
T100846,2026-04-08,12:14:15,ATQA.CA,Buy,9.63,10095
T100847,2026-04-08,14:10:02,ATQA.CA,Sell,9.73,10095
T100848,2026-04-08,13:24:16,ATQA.CA,Sell,9.827,1000
T100849,2026-04-08,11:50:34,ATQA.CA,Buy,9.881,1000
T100850,2026-04-08,10:25:18,ATQA.CA,Buy,9.836,100
T100851,2026-04-08,11:29:23,ATQA.CA,Sell,9.778,5000
T100852,2026-04-08,13:53:20,ATQA.CA,Sell,9.858,407
T100853,2026-04-08,12:56:21,ATQA.CA,Sell,9.867,915
T100854,2026-04-08,11:41:34,ATQA.CA,Buy,9.974,10095
T100855,2026-04-08,12:29:49,ATQA.CA,Buy,10.01,100
T100856,2026-04-08,11:25:57,ATQA.CA,Buy,10.077,65
T100857,2026-04-08,12:05:14,ATQA.CA,Sell,10.079,100
T100858,2026-04-08,11:51:50,ATQA.CA,Sell,10.171,200
T100859,2026-04-08,13:43:20,ATQA.CA,Sell,10.265,100
T100860,2026-04-08,14:29:08,ATQA.CA,Buy,10.37,30000
T100861,2026-04-08,11:12:15,ATQA.CA,Buy,10.285,30000
T100862,2026-04-08,10:50:45,COIL.CA,Buy,1.656,65
T100863,2026-04-08,13:30:29,COIL.CA,Sell,1.67,200
T100864,2026-04-08,13:47:16,COIL.CA,Sell,1.68,407
T100865,2026-04-08,13:08:31,COIL.CA,Sell,1.672,10095
T100866,2026-04-08,13:47:02,COIL.CA,Sell,1.662,407
T100867,2026-04-08,10:41:06,COIL.CA,Sell,1.658,65
T100868,2026-04-08,10:53:01,COIL.CA,Sell,1.656,1000
T100869,2026-04-08,12:21:42,COIL.CA,Buy,1.667,10095
T100870,2026-04-08,12:50:47,COIL.CA,Sell,1.686,5000
T100871,2026-04-08,13:06:53,COIL.CA,Buy,1.688,100
T100872,2026-04-08,10:30:43,COIL.CA,Buy,1.668,200
T100873,2026-04-08,11:29:50,COIL.CA,Buy,1.652,1000
T100874,2026-04-08,12:59:05,COIL.CA,Buy,1.663,5728
T100875,2026-04-08,10:45:05,COIL.CA,Buy,1.66,200
T100876,2026-04-08,14:03:23,COIL.CA,Buy,1.665,200
T100877,2026-04-08,10:27:39,COIL.CA,Buy,1.662,5728
T100878,2026-04-08,13:24:14,COIL.CA,Buy,1.643,30000
T100879,2026-04-08,10:59:29,SPIN.CA,Buy,13.789,100
T100880,2026-04-08,11:33:22,SPIN.CA,Buy,13.635,5728
T100881,2026-04-08,12:18:08,SPIN.CA,Sell,13.619,10095
T100882,2026-04-08,13:12:28,SPIN.CA,Buy,13.707,5728
T100883,2026-04-08,11:56:33,SPIN.CA,Sell,13.758,100
T100884,2026-04-08,12:14:16,SPIN.CA,Sell,13.835,10095
T100885,2026-04-08,13:12:23,SPIN.CA,Sell,13.863,10095
T100886,2026-04-08,11:43:39,SPIN.CA,Buy,13.788,915
T100887,2026-04-08,12:32:10,SPIN.CA,Sell,13.859,915
T100888,2026-04-08,14:04:28,SPIN.CA,Sell,13.706,1000
T100889,2026-04-08,11:38:02,SPIN.CA,Buy,13.68,915
T100890,2026-04-08,12:14:26,SPIN.CA,Buy,13.834,407
T100891,2026-04-08,11:17:07,SPIN.CA,Buy,13.819,65
T100892,2026-04-08,13:41:04,EFID.CA,Sell,28.856,5728
T100893,2026-04-08,12:57:37,EFID.CA,Buy,29.038,50
T100894,2026-04-08,10:28:42,EFID.CA,Buy,28.857,5728
T100895,2026-04-08,14:34:46,EFID.CA,Buy,28.629,200
T100896,2026-04-08,13:38:48,EFID.CA,Buy,28.424,50
T100897,2026-04-08,12:00:55,EFID.CA,Buy,28.282,200
T100898,2026-04-08,13:01:09,EFID.CA,Buy,28.547,10095
T100899,2026-04-08,12:32:51,EFID.CA,Sell,28.57,5000
T100900,2026-04-08,11:16:53,EFID.CA,Sell,28.705,1000
T100901,2026-04-08,10:17:34,EFID.CA,Buy,28.462,100
T100902,2026-04-08,11:03:39,EFID.CA,Buy,28.512,1000
T100903,2026-04-08,11:18:48,EFID.CA,Sell,28.749,65
T100904,2026-04-08,10:26:37,JUFO.CA,Sell,31.667,407
T100905,2026-04-08,12:25:05,JUFO.CA,Buy,31.959,915
T100906,2026-04-08,11:03:15,JUFO.CA,Sell,32.197,1000
T100907,2026-04-08,11:28:49,JUFO.CA,Sell,31.941,1000
T100908,2026-04-08,11:04:20,JUFO.CA,Buy,31.746,200
T100909,2026-04-08,11:21:56,JUFO.CA,Buy,31.799,50
T100910,2026-04-08,14:26:33,JUFO.CA,Buy,31.7,407
T100911,2026-04-08,10:39:17,JUFO.CA,Sell,31.638,50
T100912,2026-04-08,11:01:37,CPCI.CA,Sell,451.52,30000
T100913,2026-04-08,10:42:13,CPCI.CA,Buy,456.031,200
T100914,2026-04-08,14:25:13,CPCI.CA,Buy,451.227,407
T100915,2026-04-08,13:10:22,CPCI.CA,Buy,451.897,1000
T100916,2026-04-08,14:17:54,CPCI.CA,Buy,448.265,65
T100917,2026-04-08,12:14:10,CPCI.CA,Buy,450.414,65
T100918,2026-04-08,11:08:15,CPCI.CA,Buy,448.01,5000
T100919,2026-04-08,13:11:38,CPCI.CA,Buy,445.962,5728
T100920,2026-04-08,12:07:00,CPCI.CA,Sell,447.298,100
T100921,2026-04-08,11:12:09,CPCI.CA,Sell,449.154,100
T100922,2026-04-08,12:46:01,CPCI.CA,Buy,447.078,5728
T100923,2026-04-08,12:24:15,CPCI.CA,Sell,451.017,50
T100924,2026-04-08,11:30:43,CPCI.CA,Sell,445.886,10095
T100925,2026-04-08,12:28:45,CPCI.CA,Buy,447.989,10095
T100926,2026-04-08,13:48:45,NRPD.CA,Buy,19.807,5728
T100927,2026-04-08,12:17:47,NRPD.CA,Buy,19.93,407
T100928,2026-04-08,12:30:08,NRPD.CA,Sell,19.934,100
T100929,2026-04-08,12:11:07,NRPD.CA,Buy,19.789,5728
T100930,2026-04-08,14:07:34,NRPD.CA,Sell,19.991,200
T100931,2026-04-08,12:04:21,NRPD.CA,Sell,19.919,65
T100932,2026-04-08,10:54:50,NRPD.CA,Sell,19.722,407
T100933,2026-04-08,13:55:26,NRPD.CA,Sell,19.94,200
T100934,2026-04-08,10:50:50,NRPD.CA,Buy,20.066,100
T100935,2026-04-08,14:01:48,NRPD.CA,Sell,20.286,1000
T100936,2026-04-08,12:12:10,NRPD.CA,Buy,20.104,407
T100937,2026-04-08,12:52:10,ACAP.CA,Buy,9.002,5000
T100938,2026-04-08,13:41:32,ACAP.CA,Buy,8.978,5728
T100939,2026-04-08,12:39:31,ACAP.CA,Sell,9.056,30000
T100940,2026-04-08,13:56:59,ACAP.CA,Buy,8.977,5728
T100941,2026-04-08,13:52:09,ACAP.CA,Buy,8.937,200
T100942,2026-04-08,10:48:42,ACAP.CA,Sell,9.004,5000
T100943,2026-04-08,14:23:24,ACAP.CA,Sell,8.925,100
T100944,2026-04-08,12:21:43,ACAP.CA,Buy,8.892,5000
T100945,2026-04-08,11:00:03,ACAP.CA,Buy,8.909,30000
T100946,2026-04-08,10:31:00,ACAP.CA,Sell,8.912,915
T100947,2026-04-08,13:58:55,ACAP.CA,Buy,8.978,5000
T100948,2026-04-08,12:12:58,ACAP.CA,Sell,8.887,1000
T100949,2026-04-08,11:43:53,GTEX.CA,Buy,110.537,100
T100950,2026-04-08,12:42:58,GTEX.CA,Buy,111.671,65
T100951,2026-04-08,10:22:24,GTEX.CA,Sell,111.213,10095
T100952,2026-04-08,13:33:38,GTEX.CA,Sell,111.211,200
T100953,2026-04-08,11:13:28,GTEX.CA,Buy,111.35,5728
T100954,2026-04-08,14:02:09,GTEX.CA,Sell,111.869,200
T100955,2026-04-08,10:22:56,GTEX.CA,Buy,113.141,50
T100956,2026-04-08,12:15:56,GTEX.CA,Buy,114.22,5000
T100957,2026-04-08,12:56:34,GTEX.CA,Sell,114.806,200
T100958,2026-04-08,11:40:41,GTEX.CA,Sell,114.083,200
T100959,2026-04-08,10:51:09,GTEX.CA,Sell,115.231,915
T100960,2026-04-08,14:18:14,GTEX.CA,Buy,113.89,915
T100961,2026-04-08,12:36:02,GTEX.CA,Buy,112.569,200
T100962,2026-04-08,10:49:30,GTEX.CA,Sell,113.846,10095
T100963,2026-04-08,13:22:09,GTEX.CA,Sell,114.734,1000
T100964,2026-04-08,11:28:38,GTEX.CA,Sell,113.759,65
T100965,2026-04-08,12:22:17,GTEX.CA,Buy,113.369,200
T100966,2026-04-08,11:26:59,GTEX.CA,Buy,113.044,30000
T100967,2026-04-09,13:08:12,MCQE.CA,Buy,167.999,65
T100968,2026-04-09,11:25:13,MCQE.CA,Buy,166.261,407
T100969,2026-04-09,11:50:25,MCQE.CA,Buy,167.846,10095
T100970,2026-04-09,13:36:33,MCQE.CA,Buy,166.756,100
T100971,2026-04-09,14:33:19,MCQE.CA,Buy,165.807,10095
T100972,2026-04-09,14:30:36,MCQE.CA,Buy,167.586,50
T100973,2026-04-09,14:14:27,MCQE.CA,Buy,165.919,915
T100974,2026-04-09,12:13:44,MCQE.CA,Buy,164.374,200
T100975,2026-04-09,12:28:44,MCQE.CA,Sell,164.906,915
T100976,2026-04-09,12:39:09,MCQE.CA,Sell,164.749,200
T100977,2026-04-09,12:48:52,MCQE.CA,Sell,166.116,100
T100978,2026-04-09,10:38:37,MCQE.CA,Sell,164.272,407
T100979,2026-04-09,11:55:22,MCQE.CA,Buy,163.261,407
T100980,2026-04-09,13:49:45,PRMH.CA,Buy,2.651,30000
T100981,2026-04-09,10:24:43,PRMH.CA,Buy,2.651,407
T100982,2026-04-09,12:50:20,PRMH.CA,Buy,2.667,10095
T100983,2026-04-09,14:28:17,PRMH.CA,Buy,2.659,65
T100984,2026-04-09,11:27:03,PRMH.CA,Sell,2.666,100
T100985,2026-04-09,13:35:34,PRMH.CA,Sell,2.659,65
T100986,2026-04-09,12:35:51,PRMH.CA,Sell,2.663,30000
T100987,2026-04-09,11:24:38,PRMH.CA,Sell,2.645,5728
T100988,2026-04-09,11:47:29,PRMH.CA,Buy,2.673,915
T100989,2026-04-09,12:38:56,NHOZ.CA,Sell,18.039,100
T100990,2026-04-09,12:33:06,NHOZ.CA,Sell,17.932,50
T100991,2026-04-09,10:35:55,NHOZ.CA,Buy,17.851,200
T100992,2026-04-09,11:20:28,NHOZ.CA,Buy,17.914,10095
T100993,2026-04-09,10:59:17,NHOZ.CA,Buy,17.89,5000
T100994,2026-04-09,13:12:49,NHOZ.CA,Buy,17.728,10095
T100995,2026-04-09,11:57:30,NHOZ.CA,Buy,17.917,65
T100996,2026-04-09,10:17:11,NHOZ.CA,Buy,18.014,10095
T100997,2026-04-09,12:27:56,NHOZ.CA,Sell,17.909,65
T100998,2026-04-09,13:09:48,NHOZ.CA,Buy,17.904,200
T100999,2026-04-09,11:05:22,NHOZ.CA,Sell,18.065,200
T101000,2026-04-09,12:45:22,NHOZ.CA,Sell,17.889,5000
T101001,2026-04-09,10:28:22,ATQA.CA,Sell,9.454,915
T101002,2026-04-09,10:29:09,ATQA.CA,Buy,9.518,65
T101003,2026-04-09,13:41:45,ATQA.CA,Buy,9.404,10095
T101004,2026-04-09,11:07:03,ATQA.CA,Buy,9.449,100
T101005,2026-04-09,11:23:57,ATQA.CA,Buy,9.502,1000
T101006,2026-04-09,10:39:39,ATQA.CA,Sell,9.486,5728
T101007,2026-04-09,13:44:16,ATQA.CA,Sell,9.462,915
T101008,2026-04-09,12:23:55,ATQA.CA,Sell,9.522,5000
T101009,2026-04-09,12:32:20,ATQA.CA,Buy,9.504,100
T101010,2026-04-09,11:21:46,ATQA.CA,Sell,9.562,100
T101011,2026-04-09,11:58:42,ATQA.CA,Sell,9.648,407
T101012,2026-04-09,14:07:41,ATQA.CA,Sell,9.571,65
T101013,2026-04-09,13:07:35,ATQA.CA,Buy,9.567,915
T101014,2026-04-09,13:46:15,ATQA.CA,Buy,9.537,915
T101015,2026-04-09,13:02:16,ATQA.CA,Buy,9.456,5000
T101016,2026-04-09,14:10:39,ATQA.CA,Sell,9.472,50
T101017,2026-04-09,11:48:41,ATQA.CA,Sell,9.384,1000
T101018,2026-04-09,10:48:06,COIL.CA,Sell,1.659,65
T101019,2026-04-09,11:18:44,COIL.CA,Sell,1.677,50
T101020,2026-04-09,13:15:18,COIL.CA,Buy,1.685,50
T101021,2026-04-09,13:18:49,COIL.CA,Sell,1.666,5728
T101022,2026-04-09,11:16:50,COIL.CA,Sell,1.654,200
T101023,2026-04-09,12:50:18,COIL.CA,Sell,1.657,30000
T101024,2026-04-09,14:23:28,COIL.CA,Sell,1.663,5000
T101025,2026-04-09,10:16:49,COIL.CA,Buy,1.662,50
T101026,2026-04-09,11:35:38,COIL.CA,Sell,1.649,407
T101027,2026-04-09,13:00:19,COIL.CA,Buy,1.652,915
T101028,2026-04-09,11:41:28,COIL.CA,Buy,1.664,30000
T101029,2026-04-09,11:45:53,COIL.CA,Buy,1.656,5000
T101030,2026-04-09,10:59:53,COIL.CA,Sell,1.671,407
T101031,2026-04-09,13:24:51,COIL.CA,Sell,1.68,30000
T101032,2026-04-09,11:17:04,COIL.CA,Sell,1.677,915
T101033,2026-04-09,12:21:15,COIL.CA,Buy,1.673,30000
T101034,2026-04-09,14:19:47,SPIN.CA,Buy,14.369,915
T101035,2026-04-09,11:42:46,SPIN.CA,Sell,14.348,407
T101036,2026-04-09,13:45:01,SPIN.CA,Buy,14.383,5728
T101037,2026-04-09,14:22:21,SPIN.CA,Buy,14.534,30000
T101038,2026-04-09,11:43:56,SPIN.CA,Buy,14.591,100
T101039,2026-04-09,14:06:00,SPIN.CA,Buy,14.644,407
T101040,2026-04-09,12:43:41,SPIN.CA,Buy,14.723,10095
T101041,2026-04-09,12:06:59,SPIN.CA,Buy,14.715,30000
T101042,2026-04-09,14:33:46,SPIN.CA,Sell,14.773,30000
T101043,2026-04-09,12:16:09,SPIN.CA,Sell,14.832,5728
T101044,2026-04-09,14:02:34,SPIN.CA,Sell,14.733,915
T101045,2026-04-09,11:14:57,SPIN.CA,Sell,14.575,407
T101046,2026-04-09,13:16:26,SPIN.CA,Sell,14.463,30000
T101047,2026-04-09,12:07:08,SPIN.CA,Buy,14.615,65
T101048,2026-04-09,14:29:46,SPIN.CA,Sell,14.568,100
T101049,2026-04-09,10:56:18,EFID.CA,Buy,28.686,65
T101050,2026-04-09,11:30:47,EFID.CA,Sell,28.522,10095
T101051,2026-04-09,13:20:06,EFID.CA,Sell,28.383,30000
T101052,2026-04-09,11:41:21,EFID.CA,Sell,28.602,30000
T101053,2026-04-09,10:21:45,EFID.CA,Sell,28.59,407
T101054,2026-04-09,11:11:14,EFID.CA,Buy,28.643,50
T101055,2026-04-09,13:32:23,EFID.CA,Sell,28.649,100
T101056,2026-04-09,12:48:05,EFID.CA,Sell,28.991,50
T101057,2026-04-09,12:18:06,EFID.CA,Sell,28.716,5728
T101058,2026-04-09,10:52:50,EFID.CA,Sell,28.396,915
T101059,2026-04-09,12:46:08,EFID.CA,Buy,28.172,407
T101060,2026-04-09,12:40:41,EFID.CA,Buy,28.269,5728
T101061,2026-04-09,11:03:08,EFID.CA,Sell,28.524,30000
T101062,2026-04-09,14:10:55,EFID.CA,Buy,28.632,65
T101063,2026-04-09,12:08:11,EFID.CA,Sell,28.899,50
T101064,2026-04-09,12:21:24,EFID.CA,Sell,28.82,915
T101065,2026-04-09,12:52:36,EFID.CA,Sell,28.594,65
T101066,2026-04-09,12:33:04,EFID.CA,Buy,28.834,5000
T101067,2026-04-09,10:17:58,JUFO.CA,Sell,31.085,1000
T101068,2026-04-09,12:28:29,JUFO.CA,Sell,31.27,5728
T101069,2026-04-09,12:28:01,JUFO.CA,Sell,31.556,5728
T101070,2026-04-09,13:29:07,JUFO.CA,Buy,31.379,407
T101071,2026-04-09,11:11:50,JUFO.CA,Buy,31.027,407
T101072,2026-04-09,12:49:10,JUFO.CA,Sell,30.925,5000
T101073,2026-04-09,13:08:44,JUFO.CA,Buy,31.259,100
T101074,2026-04-09,13:24:26,JUFO.CA,Sell,30.958,200
T101075,2026-04-09,14:01:56,CPCI.CA,Sell,446.526,50
T101076,2026-04-09,10:46:15,CPCI.CA,Sell,448.456,1000
T101077,2026-04-09,13:38:25,CPCI.CA,Buy,450.734,65
T101078,2026-04-09,13:22:44,CPCI.CA,Sell,453.279,5000
T101079,2026-04-09,13:36:44,CPCI.CA,Sell,452.777,5000
T101080,2026-04-09,14:18:52,CPCI.CA,Sell,455.857,5728
T101081,2026-04-09,12:42:38,CPCI.CA,Buy,453.264,65
T101082,2026-04-09,13:55:11,CPCI.CA,Buy,452.63,30000
T101083,2026-04-09,12:45:55,CPCI.CA,Sell,456.579,30000
T101084,2026-04-09,11:42:30,CPCI.CA,Buy,451.471,5000
T101085,2026-04-09,11:57:27,CPCI.CA,Buy,448.15,200
T101086,2026-04-09,11:03:08,CPCI.CA,Buy,445.597,10095
T101087,2026-04-09,11:05:38,CPCI.CA,Sell,450.477,10095
T101088,2026-04-09,10:37:32,CPCI.CA,Sell,449.56,30000
T101089,2026-04-09,14:13:26,CPCI.CA,Buy,450.247,5000
T101090,2026-04-09,11:22:49,CPCI.CA,Buy,446.118,65
T101091,2026-04-09,12:10:50,CPCI.CA,Sell,443.215,30000
T101092,2026-04-09,12:05:29,NRPD.CA,Sell,19.852,407
T101093,2026-04-09,11:59:08,NRPD.CA,Buy,20.064,50
T101094,2026-04-09,11:16:15,NRPD.CA,Buy,20.145,30000
T101095,2026-04-09,12:19:26,NRPD.CA,Sell,20.385,915
T101096,2026-04-09,12:52:33,NRPD.CA,Sell,20.549,915
T101097,2026-04-09,14:28:09,NRPD.CA,Buy,20.624,915
T101098,2026-04-09,14:05:15,NRPD.CA,Buy,20.403,100
T101099,2026-04-09,13:56:36,NRPD.CA,Buy,20.617,50
T101100,2026-04-09,13:45:46,NRPD.CA,Sell,20.439,65
T101101,2026-04-09,13:03:20,NRPD.CA,Buy,20.591,100
T101102,2026-04-09,12:58:02,NRPD.CA,Buy,20.478,200
T101103,2026-04-09,14:02:27,NRPD.CA,Sell,20.602,200
T101104,2026-04-09,10:29:38,NRPD.CA,Buy,20.479,200
T101105,2026-04-09,14:08:51,NRPD.CA,Sell,20.251,5728
T101106,2026-04-09,13:22:16,ACAP.CA,Buy,9.578,10095
T101107,2026-04-09,12:49:06,ACAP.CA,Sell,9.563,200
T101108,2026-04-09,12:40:16,ACAP.CA,Buy,9.548,5000
T101109,2026-04-09,10:23:47,ACAP.CA,Buy,9.527,200
T101110,2026-04-09,13:51:13,ACAP.CA,Sell,9.445,30000
T101111,2026-04-09,14:35:29,ACAP.CA,Sell,9.529,65
T101112,2026-04-09,11:39:04,ACAP.CA,Sell,9.52,10095
T101113,2026-04-09,14:19:01,ACAP.CA,Buy,9.579,10095
T101114,2026-04-09,12:23:33,ACAP.CA,Sell,9.575,915
T101115,2026-04-09,12:18:09,ACAP.CA,Buy,9.631,50
T101116,2026-04-09,13:51:03,GTEX.CA,Sell,115.199,50
T101117,2026-04-09,10:27:23,GTEX.CA,Sell,114.135,100
T101118,2026-04-09,10:48:27,GTEX.CA,Buy,114.891,5000
T101119,2026-04-09,10:49:42,GTEX.CA,Sell,116.166,915
T101120,2026-04-09,11:35:25,GTEX.CA,Buy,116.255,30000
T101121,2026-04-09,13:49:18,GTEX.CA,Buy,115.79,407
T101122,2026-04-09,13:19:19,GTEX.CA,Sell,114.747,5000
T101123,2026-04-09,13:22:23,GTEX.CA,Buy,114.23,1000
T101124,2026-04-09,13:28:21,GTEX.CA,Buy,113.328,10095
T101125,2026-04-09,11:44:00,GTEX.CA,Buy,113.279,5728
T101126,2026-04-09,10:46:55,GTEX.CA,Sell,113.557,407
T101127,2026-04-09,14:25:54,GTEX.CA,Buy,113.878,10095
T101128,2026-04-09,13:29:25,GTEX.CA,Buy,113.452,10095
T101129,2026-04-09,14:07:03,GTEX.CA,Sell,114.771,5728
T101130,2026-04-09,11:24:16,GTEX.CA,Sell,115.2,200
T101131,2026-04-12,12:46:29,MCQE.CA,Buy,178.726,10095
T101132,2026-04-12,13:47:27,MCQE.CA,Buy,179.236,1000
T101133,2026-04-12,10:31:04,MCQE.CA,Buy,180.476,1000
T101134,2026-04-12,11:37:09,MCQE.CA,Sell,178.783,10095
T101135,2026-04-12,12:33:02,MCQE.CA,Buy,178.092,100
T101136,2026-04-12,11:42:58,MCQE.CA,Buy,178.296,200
T101137,2026-04-12,12:53:11,MCQE.CA,Buy,179.557,50
T101138,2026-04-12,14:28:42,MCQE.CA,Sell,180.303,5000
T101139,2026-04-12,13:05:00,MCQE.CA,Sell,180.443,50
T101140,2026-04-12,11:55:32,MCQE.CA,Sell,181.758,407
T101141,2026-04-12,13:38:47,PRMH.CA,Sell,2.842,10095
T101142,2026-04-12,11:14:23,PRMH.CA,Sell,2.848,10095
T101143,2026-04-12,13:17:20,PRMH.CA,Sell,2.872,50
T101144,2026-04-12,10:56:22,PRMH.CA,Sell,2.9,100
T101145,2026-04-12,11:04:21,PRMH.CA,Sell,2.897,100
T101146,2026-04-12,14:05:25,PRMH.CA,Buy,2.907,407
T101147,2026-04-12,12:12:07,PRMH.CA,Buy,2.921,100
T101148,2026-04-12,11:37:56,PRMH.CA,Buy,2.919,10095
T101149,2026-04-12,13:28:17,PRMH.CA,Sell,2.938,10095
T101150,2026-04-12,11:43:11,PRMH.CA,Buy,2.914,10095
T101151,2026-04-12,11:14:08,PRMH.CA,Buy,2.933,407
T101152,2026-04-12,12:51:09,PRMH.CA,Buy,2.899,407
T101153,2026-04-12,11:56:31,PRMH.CA,Buy,2.907,30000
T101154,2026-04-12,12:08:09,PRMH.CA,Sell,2.914,5728
T101155,2026-04-12,11:24:31,PRMH.CA,Sell,2.937,100
T101156,2026-04-12,12:29:17,PRMH.CA,Sell,2.936,10095
T101157,2026-04-12,10:16:55,PRMH.CA,Sell,2.943,10095
T101158,2026-04-12,12:29:50,PRMH.CA,Buy,2.972,915
T101159,2026-04-12,11:37:29,NHOZ.CA,Sell,18.07,50
T101160,2026-04-12,12:19:39,NHOZ.CA,Sell,17.968,5728
T101161,2026-04-12,12:15:43,NHOZ.CA,Buy,17.762,5000
T101162,2026-04-12,11:39:37,NHOZ.CA,Sell,17.754,5000
T101163,2026-04-12,13:29:39,NHOZ.CA,Sell,17.949,200
T101164,2026-04-12,11:28:08,NHOZ.CA,Sell,17.826,1000
T101165,2026-04-12,10:48:30,NHOZ.CA,Sell,17.75,200
T101166,2026-04-12,11:47:57,NHOZ.CA,Buy,17.64,200
T101167,2026-04-12,10:42:32,NHOZ.CA,Buy,17.726,200
T101168,2026-04-12,13:40:47,NHOZ.CA,Buy,17.714,407
T101169,2026-04-12,14:05:57,NHOZ.CA,Buy,17.776,200
T101170,2026-04-12,10:44:53,NHOZ.CA,Sell,17.674,407
T101171,2026-04-12,12:11:52,NHOZ.CA,Buy,17.501,30000
T101172,2026-04-12,14:08:01,NHOZ.CA,Sell,17.63,5000
T101173,2026-04-12,11:08:33,NHOZ.CA,Buy,17.802,5728
T101174,2026-04-12,10:47:02,ATQA.CA,Buy,9.289,30000
T101175,2026-04-12,10:34:10,ATQA.CA,Sell,9.322,30000
T101176,2026-04-12,10:19:03,ATQA.CA,Buy,9.239,407
T101177,2026-04-12,12:17:28,ATQA.CA,Buy,9.25,5000
T101178,2026-04-12,13:41:26,ATQA.CA,Sell,9.302,1000
T101179,2026-04-12,13:16:44,ATQA.CA,Sell,9.294,5000
T101180,2026-04-12,14:01:14,ATQA.CA,Sell,9.318,100
T101181,2026-04-12,13:19:29,ATQA.CA,Buy,9.371,5728
T101182,2026-04-12,10:54:06,ATQA.CA,Sell,9.438,200
T101183,2026-04-12,13:24:59,ATQA.CA,Buy,9.456,200
T101184,2026-04-12,14:05:49,ATQA.CA,Sell,9.499,915
T101185,2026-04-12,14:28:38,ATQA.CA,Buy,9.498,50
T101186,2026-04-12,12:20:10,ATQA.CA,Sell,9.589,30000
T101187,2026-04-12,12:10:18,ATQA.CA,Sell,9.634,10095
T101188,2026-04-12,11:28:18,ATQA.CA,Buy,9.654,200
T101189,2026-04-12,10:40:28,ATQA.CA,Sell,9.71,407
T101190,2026-04-12,10:53:30,ATQA.CA,Sell,9.638,1000
T101191,2026-04-12,10:47:30,COIL.CA,Buy,1.654,65
T101192,2026-04-12,13:12:57,COIL.CA,Buy,1.663,10095
T101193,2026-04-12,12:52:07,COIL.CA,Sell,1.675,30000
T101194,2026-04-12,13:20:16,COIL.CA,Sell,1.691,200
T101195,2026-04-12,12:46:09,COIL.CA,Buy,1.69,65
T101196,2026-04-12,11:10:54,COIL.CA,Buy,1.695,5000
T101197,2026-04-12,10:32:03,COIL.CA,Buy,1.698,30000
T101198,2026-04-12,13:30:20,COIL.CA,Buy,1.709,5000
T101199,2026-04-12,10:34:44,COIL.CA,Sell,1.714,100
T101200,2026-04-12,12:43:11,COIL.CA,Buy,1.709,100
T101201,2026-04-12,13:07:40,COIL.CA,Buy,1.724,65
T101202,2026-04-12,13:00:34,COIL.CA,Sell,1.728,5000
T101203,2026-04-12,12:51:45,COIL.CA,Sell,1.737,50
T101204,2026-04-12,12:57:56,COIL.CA,Buy,1.725,30000
T101205,2026-04-12,12:12:04,COIL.CA,Buy,1.723,5000
T101206,2026-04-12,11:50:10,COIL.CA,Buy,1.723,30000
T101207,2026-04-12,14:12:42,COIL.CA,Sell,1.715,30000
T101208,2026-04-12,12:23:29,SPIN.CA,Buy,14.541,100
T101209,2026-04-12,13:45:32,SPIN.CA,Buy,14.394,50
T101210,2026-04-12,12:34:41,SPIN.CA,Buy,14.28,65
T101211,2026-04-12,10:18:09,SPIN.CA,Buy,14.436,200
T101212,2026-04-12,11:35:37,SPIN.CA,Buy,14.438,65
T101213,2026-04-12,12:10:41,SPIN.CA,Buy,14.366,10095
T101214,2026-04-12,11:22:17,SPIN.CA,Buy,14.206,915
T101215,2026-04-12,11:49:46,SPIN.CA,Buy,14.308,407
T101216,2026-04-12,12:26:50,SPIN.CA,Buy,14.457,100
T101217,2026-04-12,11:31:31,SPIN.CA,Buy,14.555,10095
T101218,2026-04-12,11:04:32,SPIN.CA,Buy,14.61,65
T101219,2026-04-12,13:58:18,SPIN.CA,Buy,14.739,10095
T101220,2026-04-12,12:34:21,EFID.CA,Buy,29.963,1000
T101221,2026-04-12,12:38:44,EFID.CA,Sell,29.866,5000
T101222,2026-04-12,14:11:23,EFID.CA,Sell,29.59,65
T101223,2026-04-12,14:35:18,EFID.CA,Buy,29.514,407
T101224,2026-04-12,12:40:35,EFID.CA,Sell,29.3,915
T101225,2026-04-12,11:11:13,EFID.CA,Sell,29.134,5000
T101226,2026-04-12,13:48:55,EFID.CA,Buy,28.978,5000
T101227,2026-04-12,13:10:38,EFID.CA,Buy,28.81,5000
T101228,2026-04-12,11:38:42,EFID.CA,Sell,28.911,65
T101229,2026-04-12,10:58:14,EFID.CA,Sell,29.251,50
T101230,2026-04-12,11:22:54,EFID.CA,Buy,29.514,30000
T101231,2026-04-12,11:31:25,EFID.CA,Sell,29.643,1000
T101232,2026-04-12,10:37:54,EFID.CA,Buy,29.99,5000
T101233,2026-04-12,12:32:45,EFID.CA,Sell,30.043,915
T101234,2026-04-12,12:54:56,EFID.CA,Buy,29.838,50
T101235,2026-04-12,10:39:33,EFID.CA,Buy,29.524,65
T101236,2026-04-12,13:25:39,JUFO.CA,Buy,30.308,30000
T101237,2026-04-12,10:48:22,JUFO.CA,Sell,30.335,915
T101238,2026-04-12,14:19:43,JUFO.CA,Buy,30.381,10095
T101239,2026-04-12,12:07:39,JUFO.CA,Sell,30.594,1000
T101240,2026-04-12,10:57:52,JUFO.CA,Buy,30.264,1000
T101241,2026-04-12,11:51:54,JUFO.CA,Sell,29.935,5728
T101242,2026-04-12,11:23:06,JUFO.CA,Buy,29.723,200
T101243,2026-04-12,12:02:59,JUFO.CA,Sell,30.003,407
T101244,2026-04-12,12:35:08,JUFO.CA,Sell,29.929,65
T101245,2026-04-12,14:11:17,JUFO.CA,Sell,29.868,50
T101246,2026-04-12,12:37:52,JUFO.CA,Sell,30.074,50
T101247,2026-04-12,10:35:44,JUFO.CA,Sell,29.816,915
T101248,2026-04-12,12:05:04,JUFO.CA,Buy,29.688,1000
T101249,2026-04-12,13:02:01,JUFO.CA,Buy,29.71,100
T101250,2026-04-12,12:51:26,JUFO.CA,Buy,29.736,10095
T101251,2026-04-12,11:22:51,JUFO.CA,Sell,30.007,407
T101252,2026-04-12,12:21:37,JUFO.CA,Sell,29.679,5728
T101253,2026-04-12,12:13:10,JUFO.CA,Sell,29.712,50
T101254,2026-04-12,13:53:29,CPCI.CA,Sell,455.167,5000
T101255,2026-04-12,12:28:28,CPCI.CA,Sell,457.405,50
T101256,2026-04-12,11:56:09,CPCI.CA,Buy,456.436,200
T101257,2026-04-12,12:22:15,CPCI.CA,Buy,461.673,407
T101258,2026-04-12,14:29:52,CPCI.CA,Sell,456.135,915
T101259,2026-04-12,10:54:23,CPCI.CA,Buy,460.886,200
T101260,2026-04-12,11:10:15,CPCI.CA,Sell,459.509,915
T101261,2026-04-12,10:55:08,CPCI.CA,Buy,460.731,5728
T101262,2026-04-12,13:52:04,CPCI.CA,Buy,456.698,5728
T101263,2026-04-12,11:52:59,NRPD.CA,Buy,20.178,10095
T101264,2026-04-12,11:58:12,NRPD.CA,Buy,20.097,200
T101265,2026-04-12,13:12:04,NRPD.CA,Sell,19.965,915
T101266,2026-04-12,12:25:35,NRPD.CA,Buy,19.855,10095
T101267,2026-04-12,14:15:19,NRPD.CA,Buy,20.061,65
T101268,2026-04-12,14:22:24,NRPD.CA,Buy,20.214,65
T101269,2026-04-12,10:52:18,NRPD.CA,Buy,20.31,5000
T101270,2026-04-12,12:17:21,NRPD.CA,Sell,20.345,100
T101271,2026-04-12,10:59:46,NRPD.CA,Buy,20.125,65
T101272,2026-04-12,11:58:53,NRPD.CA,Buy,19.915,200
T101273,2026-04-12,13:30:32,NRPD.CA,Buy,19.695,200
T101274,2026-04-12,10:23:41,NRPD.CA,Sell,19.668,1000
T101275,2026-04-12,11:52:01,NRPD.CA,Sell,19.52,30000
T101276,2026-04-12,11:32:31,NRPD.CA,Sell,19.493,30000
T101277,2026-04-12,14:14:58,NRPD.CA,Sell,19.367,10095
T101278,2026-04-12,12:21:47,NRPD.CA,Buy,19.441,200
T101279,2026-04-12,13:51:34,NRPD.CA,Sell,19.533,915
T101280,2026-04-12,13:57:07,ACAP.CA,Buy,9.106,407
T101281,2026-04-12,12:22:14,ACAP.CA,Buy,9.138,407
T101282,2026-04-12,14:13:40,ACAP.CA,Sell,9.22,5728
T101283,2026-04-12,11:41:18,ACAP.CA,Sell,9.146,30000
T101284,2026-04-12,10:30:13,ACAP.CA,Sell,9.072,5728
T101285,2026-04-12,14:30:49,ACAP.CA,Buy,9.123,10095
T101286,2026-04-12,10:46:32,ACAP.CA,Sell,9.068,65
T101287,2026-04-12,11:59:14,ACAP.CA,Sell,9.107,100
T101288,2026-04-12,10:20:43,ACAP.CA,Buy,9.105,30000
T101289,2026-04-12,14:14:31,ACAP.CA,Sell,9.181,65
T101290,2026-04-12,13:50:56,ACAP.CA,Sell,9.116,50
T101291,2026-04-12,10:45:08,ACAP.CA,Buy,9.159,30000
T101292,2026-04-12,13:16:11,ACAP.CA,Buy,9.217,5000
T101293,2026-04-12,13:42:56,ACAP.CA,Buy,9.136,200
T101294,2026-04-12,13:02:47,GTEX.CA,Sell,118.147,5728
T101295,2026-04-12,12:58:17,GTEX.CA,Buy,119.007,200
T101296,2026-04-12,13:43:22,GTEX.CA,Buy,119.671,65
T101297,2026-04-12,11:32:09,GTEX.CA,Sell,120.876,5000
T101298,2026-04-12,13:12:42,GTEX.CA,Sell,121.967,5728
T101299,2026-04-12,13:32:03,GTEX.CA,Buy,122.914,100
T101300,2026-04-12,13:52:48,GTEX.CA,Buy,121.797,5728
T101301,2026-04-12,11:12:29,GTEX.CA,Buy,122.812,407
T101302,2026-04-12,12:25:48,GTEX.CA,Sell,122.991,5728
T101303,2026-04-12,10:19:12,GTEX.CA,Sell,124.052,100
T101304,2026-04-12,13:50:32,GTEX.CA,Buy,123.326,100
T101305,2026-04-12,11:43:09,GTEX.CA,Buy,124.204,50
T101306,2026-04-12,14:13:10,GTEX.CA,Sell,123.475,65
T101307,2026-04-13,11:43:50,MCQE.CA,Buy,173.358,30000
T101308,2026-04-13,11:37:34,MCQE.CA,Sell,173.08,407
T101309,2026-04-13,13:49:18,MCQE.CA,Sell,173.213,200
T101310,2026-04-13,10:27:31,MCQE.CA,Buy,172.37,200
T101311,2026-04-13,12:31:51,MCQE.CA,Buy,170.317,65
T101312,2026-04-13,11:50:55,MCQE.CA,Buy,170.162,1000
T101313,2026-04-13,13:02:54,MCQE.CA,Buy,171.326,1000
T101314,2026-04-13,13:37:19,MCQE.CA,Sell,172.669,1000
T101315,2026-04-13,14:06:45,MCQE.CA,Sell,171.675,5728
T101316,2026-04-13,12:41:04,MCQE.CA,Buy,170.865,407
T101317,2026-04-13,14:21:51,MCQE.CA,Buy,169.776,1000
T101318,2026-04-13,11:06:33,MCQE.CA,Buy,169.437,65
T101319,2026-04-13,12:12:55,MCQE.CA,Sell,168.338,10095
T101320,2026-04-13,11:38:13,MCQE.CA,Buy,167.386,200
T101321,2026-04-13,11:18:13,MCQE.CA,Sell,169.317,915
T101322,2026-04-13,10:32:23,MCQE.CA,Buy,170.436,65
T101323,2026-04-13,10:39:12,PRMH.CA,Buy,2.613,915
T101324,2026-04-13,14:13:35,PRMH.CA,Sell,2.599,30000
T101325,2026-04-13,12:58:12,PRMH.CA,Sell,2.626,50
T101326,2026-04-13,12:52:55,PRMH.CA,Sell,2.615,30000
T101327,2026-04-13,12:12:10,PRMH.CA,Buy,2.606,407
T101328,2026-04-13,13:46:19,PRMH.CA,Buy,2.585,5000
T101329,2026-04-13,14:34:00,PRMH.CA,Sell,2.616,915
T101330,2026-04-13,10:26:14,PRMH.CA,Sell,2.592,1000
T101331,2026-04-13,11:41:47,PRMH.CA,Buy,2.562,407
T101332,2026-04-13,12:13:54,PRMH.CA,Buy,2.565,10095
T101333,2026-04-13,13:43:47,PRMH.CA,Buy,2.538,5000
T101334,2026-04-13,13:26:57,NHOZ.CA,Buy,17.903,30000
T101335,2026-04-13,11:00:59,NHOZ.CA,Sell,18.058,200
T101336,2026-04-13,12:29:11,NHOZ.CA,Buy,18.041,1000
T101337,2026-04-13,11:41:09,NHOZ.CA,Buy,18.04,100
T101338,2026-04-13,12:57:25,NHOZ.CA,Sell,17.852,65
T101339,2026-04-13,10:55:58,NHOZ.CA,Sell,17.816,5728
T101340,2026-04-13,14:28:15,NHOZ.CA,Sell,17.748,100
T101341,2026-04-13,13:09:31,NHOZ.CA,Buy,17.812,1000
T101342,2026-04-13,11:36:51,NHOZ.CA,Buy,18.007,50
T101343,2026-04-13,12:11:28,NHOZ.CA,Buy,18.09,200
T101344,2026-04-13,10:37:06,NHOZ.CA,Sell,18.031,5000
T101345,2026-04-13,14:00:13,ATQA.CA,Buy,9.576,10095
T101346,2026-04-13,10:22:41,ATQA.CA,Sell,9.653,5000
T101347,2026-04-13,11:21:06,ATQA.CA,Sell,9.568,5000
T101348,2026-04-13,13:43:12,ATQA.CA,Sell,9.559,5000
T101349,2026-04-13,12:31:32,ATQA.CA,Sell,9.542,30000
T101350,2026-04-13,11:20:34,ATQA.CA,Sell,9.49,5000
T101351,2026-04-13,10:23:35,ATQA.CA,Buy,9.564,200
T101352,2026-04-13,12:35:43,ATQA.CA,Sell,9.627,915
T101353,2026-04-13,12:44:32,ATQA.CA,Buy,9.637,915
T101354,2026-04-13,10:45:18,ATQA.CA,Sell,9.74,200
T101355,2026-04-13,13:11:49,ATQA.CA,Sell,9.65,65
T101356,2026-04-13,14:18:03,ATQA.CA,Buy,9.672,100
T101357,2026-04-13,11:31:03,ATQA.CA,Buy,9.671,407
T101358,2026-04-13,13:32:39,ATQA.CA,Sell,9.774,50
T101359,2026-04-13,13:50:25,ATQA.CA,Sell,9.85,5000
T101360,2026-04-13,12:16:13,ATQA.CA,Buy,9.937,65
T101361,2026-04-13,11:09:32,ATQA.CA,Buy,9.884,5000
T101362,2026-04-13,11:54:06,ATQA.CA,Buy,9.996,10095
T101363,2026-04-13,13:08:43,COIL.CA,Buy,1.612,5000
T101364,2026-04-13,10:44:47,COIL.CA,Buy,1.607,915
T101365,2026-04-13,11:04:40,COIL.CA,Buy,1.62,200
T101366,2026-04-13,12:30:29,COIL.CA,Sell,1.635,915
T101367,2026-04-13,11:00:54,COIL.CA,Buy,1.645,200
T101368,2026-04-13,13:55:36,COIL.CA,Sell,1.639,915
T101369,2026-04-13,13:09:56,COIL.CA,Buy,1.64,1000
T101370,2026-04-13,12:08:11,COIL.CA,Buy,1.638,50
T101371,2026-04-13,12:12:45,COIL.CA,Sell,1.627,1000
T101372,2026-04-13,10:21:48,SPIN.CA,Sell,14.932,50
T101373,2026-04-13,13:41:04,SPIN.CA,Buy,14.867,1000
T101374,2026-04-13,10:54:09,SPIN.CA,Sell,14.719,915
T101375,2026-04-13,11:45:34,SPIN.CA,Buy,14.764,30000
T101376,2026-04-13,12:40:32,SPIN.CA,Sell,14.782,100
T101377,2026-04-13,12:29:37,SPIN.CA,Buy,14.929,200
T101378,2026-04-13,13:43:56,SPIN.CA,Sell,14.975,915
T101379,2026-04-13,11:22:15,SPIN.CA,Sell,14.946,1000
T101380,2026-04-13,10:17:56,SPIN.CA,Buy,15.011,200
T101381,2026-04-13,13:45:05,SPIN.CA,Buy,14.867,407
T101382,2026-04-13,12:44:08,SPIN.CA,Buy,14.784,5728
T101383,2026-04-13,12:08:56,SPIN.CA,Sell,14.916,65
T101384,2026-04-13,10:41:36,EFID.CA,Sell,27.446,65
T101385,2026-04-13,10:51:42,EFID.CA,Buy,27.729,5000
T101386,2026-04-13,13:02:11,EFID.CA,Sell,27.845,200
T101387,2026-04-13,13:05:18,EFID.CA,Buy,28.023,1000
T101388,2026-04-13,11:45:41,EFID.CA,Buy,27.72,200
T101389,2026-04-13,10:46:22,EFID.CA,Sell,27.98,1000
T101390,2026-04-13,14:02:43,EFID.CA,Buy,27.69,915
T101391,2026-04-13,13:40:10,EFID.CA,Sell,27.943,30000
T101392,2026-04-13,14:15:35,EFID.CA,Buy,27.826,100
T101393,2026-04-13,12:32:59,EFID.CA,Buy,27.571,5728
T101394,2026-04-13,11:44:32,EFID.CA,Sell,27.446,1000
T101395,2026-04-13,11:52:05,EFID.CA,Buy,27.434,100
T101396,2026-04-13,12:47:56,EFID.CA,Buy,27.373,100
T101397,2026-04-13,14:21:07,EFID.CA,Sell,27.195,915
T101398,2026-04-13,11:46:06,EFID.CA,Buy,26.971,5000
T101399,2026-04-13,13:48:17,JUFO.CA,Sell,28.759,65
T101400,2026-04-13,11:48:19,JUFO.CA,Buy,29.1,30000
T101401,2026-04-13,11:06:15,JUFO.CA,Buy,29.196,50
T101402,2026-04-13,13:09:05,JUFO.CA,Sell,28.932,10095
T101403,2026-04-13,13:06:15,JUFO.CA,Sell,28.808,915
T101404,2026-04-13,13:35:48,JUFO.CA,Buy,28.563,200
T101405,2026-04-13,14:26:42,JUFO.CA,Sell,28.697,30000
T101406,2026-04-13,13:09:31,JUFO.CA,Sell,28.442,10095
T101407,2026-04-13,11:04:23,JUFO.CA,Buy,28.745,915
T101408,2026-04-13,14:15:19,JUFO.CA,Sell,28.805,30000
T101409,2026-04-13,14:26:54,JUFO.CA,Sell,28.604,915
T101410,2026-04-13,11:09:56,CPCI.CA,Sell,450.895,5000
T101411,2026-04-13,11:23:59,CPCI.CA,Buy,447.63,5728
T101412,2026-04-13,11:37:41,CPCI.CA,Sell,446.65,5728
T101413,2026-04-13,11:33:17,CPCI.CA,Buy,446.326,1000
T101414,2026-04-13,10:34:56,CPCI.CA,Buy,449.145,1000
T101415,2026-04-13,10:56:34,CPCI.CA,Buy,449.293,1000
T101416,2026-04-13,10:59:16,CPCI.CA,Sell,448.485,30000
T101417,2026-04-13,12:30:03,CPCI.CA,Sell,445.383,407
T101418,2026-04-13,14:25:55,CPCI.CA,Buy,449.19,10095
T101419,2026-04-13,14:15:06,CPCI.CA,Sell,452.379,5728
T101420,2026-04-13,11:36:34,NRPD.CA,Sell,19.051,10095
T101421,2026-04-13,13:01:50,NRPD.CA,Sell,19.001,65
T101422,2026-04-13,11:43:57,NRPD.CA,Sell,19.026,5728
T101423,2026-04-13,13:29:49,NRPD.CA,Buy,19.053,100
T101424,2026-04-13,10:40:14,NRPD.CA,Buy,19.187,200
T101425,2026-04-13,12:30:20,NRPD.CA,Sell,19.155,1000
T101426,2026-04-13,12:46:49,NRPD.CA,Buy,19.019,65
T101427,2026-04-13,14:33:24,NRPD.CA,Buy,18.993,50
T101428,2026-04-13,14:31:55,NRPD.CA,Sell,19.095,5000
T101429,2026-04-13,10:31:09,NRPD.CA,Sell,19.096,407
T101430,2026-04-13,13:04:09,NRPD.CA,Sell,19.031,407
T101431,2026-04-13,12:39:47,NRPD.CA,Buy,19.194,50
T101432,2026-04-13,13:44:58,NRPD.CA,Sell,19.351,100
T101433,2026-04-13,12:24:58,NRPD.CA,Sell,19.395,50
T101434,2026-04-13,12:50:24,NRPD.CA,Buy,19.529,10095
T101435,2026-04-13,12:08:13,ACAP.CA,Buy,9.372,5000
T101436,2026-04-13,10:51:39,ACAP.CA,Sell,9.341,50
T101437,2026-04-13,11:51:33,ACAP.CA,Sell,9.238,50
T101438,2026-04-13,12:17:44,ACAP.CA,Sell,9.343,50
T101439,2026-04-13,11:58:24,ACAP.CA,Buy,9.263,200
T101440,2026-04-13,13:30:28,ACAP.CA,Sell,9.303,915
T101441,2026-04-13,11:38:02,ACAP.CA,Buy,9.389,10095
T101442,2026-04-13,11:52:23,ACAP.CA,Sell,9.479,407
T101443,2026-04-13,11:00:50,ACAP.CA,Buy,9.37,50
T101444,2026-04-13,13:08:42,ACAP.CA,Sell,9.352,50
T101445,2026-04-13,12:37:16,ACAP.CA,Sell,9.433,65
T101446,2026-04-13,12:20:00,ACAP.CA,Buy,9.532,5000
T101447,2026-04-13,13:59:17,ACAP.CA,Buy,9.572,10095
T101448,2026-04-13,12:09:26,GTEX.CA,Sell,114.807,200
T101449,2026-04-13,11:03:01,GTEX.CA,Sell,115.029,915
T101450,2026-04-13,12:24:05,GTEX.CA,Sell,115.37,65
T101451,2026-04-13,14:03:41,GTEX.CA,Buy,114.229,10095
T101452,2026-04-13,10:41:35,GTEX.CA,Buy,114.817,100
T101453,2026-04-13,11:40:08,GTEX.CA,Buy,114.538,915
T101454,2026-04-13,10:18:49,GTEX.CA,Buy,114.615,915
T101455,2026-04-13,12:24:46,GTEX.CA,Buy,114.316,65
T101456,2026-04-13,11:35:00,GTEX.CA,Sell,114.237,1000
T101457,2026-04-14,11:36:48,MCQE.CA,Sell,169.072,100
T101458,2026-04-14,10:48:45,MCQE.CA,Buy,168.381,200
T101459,2026-04-14,12:53:44,MCQE.CA,Buy,167.13,5000
T101460,2026-04-14,13:44:06,MCQE.CA,Sell,168.005,10095
T101461,2026-04-14,11:28:16,MCQE.CA,Buy,169.213,5000
T101462,2026-04-14,11:20:57,MCQE.CA,Buy,170.217,407
T101463,2026-04-14,14:27:28,MCQE.CA,Buy,170.531,5728
T101464,2026-04-14,13:55:38,MCQE.CA,Sell,168.498,5728
T101465,2026-04-14,13:45:17,MCQE.CA,Buy,166.584,5000
T101466,2026-04-14,13:39:43,MCQE.CA,Sell,167.421,5728
T101467,2026-04-14,14:28:31,MCQE.CA,Buy,169.132,50
T101468,2026-04-14,10:53:55,MCQE.CA,Sell,168.818,200
T101469,2026-04-14,13:53:23,MCQE.CA,Buy,169.956,1000
T101470,2026-04-14,13:29:18,PRMH.CA,Buy,2.639,5000
T101471,2026-04-14,10:48:54,PRMH.CA,Sell,2.661,100
T101472,2026-04-14,10:22:49,PRMH.CA,Buy,2.636,100
T101473,2026-04-14,10:56:40,PRMH.CA,Buy,2.641,100
T101474,2026-04-14,13:56:34,PRMH.CA,Sell,2.619,5000
T101475,2026-04-14,14:31:15,PRMH.CA,Buy,2.632,5728
T101476,2026-04-14,13:13:20,PRMH.CA,Sell,2.612,10095
T101477,2026-04-14,12:18:39,PRMH.CA,Sell,2.587,5000
T101478,2026-04-14,13:55:32,PRMH.CA,Sell,2.602,65
T101479,2026-04-14,13:08:29,PRMH.CA,Buy,2.625,50
T101480,2026-04-14,10:28:50,PRMH.CA,Sell,2.625,30000
T101481,2026-04-14,11:42:59,PRMH.CA,Buy,2.619,10095
T101482,2026-04-14,11:31:05,PRMH.CA,Sell,2.618,10095
T101483,2026-04-14,10:45:10,PRMH.CA,Sell,2.618,50
T101484,2026-04-14,11:28:28,PRMH.CA,Buy,2.601,100
T101485,2026-04-14,11:15:25,PRMH.CA,Buy,2.605,5000
T101486,2026-04-14,12:20:37,PRMH.CA,Buy,2.623,915
T101487,2026-04-14,12:53:37,PRMH.CA,Buy,2.604,50
T101488,2026-04-14,13:50:14,NHOZ.CA,Buy,18.225,65
T101489,2026-04-14,13:03:48,NHOZ.CA,Buy,18.391,200
T101490,2026-04-14,11:44:28,NHOZ.CA,Sell,18.339,5728
T101491,2026-04-14,12:14:00,NHOZ.CA,Buy,18.339,5728
T101492,2026-04-14,12:50:52,NHOZ.CA,Buy,18.512,5000
T101493,2026-04-14,11:34:35,NHOZ.CA,Sell,18.322,65
T101494,2026-04-14,14:20:33,NHOZ.CA,Sell,18.514,65
T101495,2026-04-14,13:36:41,NHOZ.CA,Buy,18.52,5728
T101496,2026-04-14,13:48:03,NHOZ.CA,Buy,18.354,200
T101497,2026-04-14,10:53:45,NHOZ.CA,Buy,18.437,30000
T101498,2026-04-14,12:35:56,NHOZ.CA,Buy,18.476,5000
T101499,2026-04-14,11:42:52,NHOZ.CA,Buy,18.503,100
T101500,2026-04-14,12:53:14,NHOZ.CA,Sell,18.483,5728
T101501,2026-04-14,12:16:17,NHOZ.CA,Sell,18.468,50
T101502,2026-04-14,13:16:15,NHOZ.CA,Buy,18.461,915
T101503,2026-04-14,10:24:10,NHOZ.CA,Buy,18.583,915
T101504,2026-04-14,10:26:18,NHOZ.CA,Sell,18.575,200
T101505,2026-04-14,14:14:16,NHOZ.CA,Sell,18.449,200
T101506,2026-04-14,11:48:53,ATQA.CA,Sell,9.351,30000
T101507,2026-04-14,12:42:17,ATQA.CA,Sell,9.408,407
T101508,2026-04-14,10:29:25,ATQA.CA,Sell,9.348,407
T101509,2026-04-14,14:10:34,ATQA.CA,Buy,9.28,5728
T101510,2026-04-14,13:41:51,ATQA.CA,Buy,9.209,65
T101511,2026-04-14,10:46:23,ATQA.CA,Buy,9.253,407
T101512,2026-04-14,11:05:28,ATQA.CA,Sell,9.26,1000
T101513,2026-04-14,12:57:56,ATQA.CA,Buy,9.34,10095
T101514,2026-04-14,10:26:44,ATQA.CA,Buy,9.388,100
T101515,2026-04-14,11:46:25,ATQA.CA,Sell,9.418,407
T101516,2026-04-14,11:57:18,ATQA.CA,Sell,9.451,65
T101517,2026-04-14,11:25:19,ATQA.CA,Buy,9.508,5000
T101518,2026-04-14,12:34:49,ATQA.CA,Buy,9.544,200
T101519,2026-04-14,14:10:41,COIL.CA,Buy,1.587,5728
T101520,2026-04-14,12:03:49,COIL.CA,Buy,1.58,5000
T101521,2026-04-14,11:01:34,COIL.CA,Buy,1.577,100
T101522,2026-04-14,14:05:03,COIL.CA,Buy,1.571,407
T101523,2026-04-14,12:18:21,COIL.CA,Buy,1.569,10095
T101524,2026-04-14,13:02:08,COIL.CA,Buy,1.579,30000
T101525,2026-04-14,13:20:03,COIL.CA,Buy,1.571,5000
T101526,2026-04-14,13:02:48,COIL.CA,Buy,1.568,407
T101527,2026-04-14,14:01:02,COIL.CA,Buy,1.562,65
T101528,2026-04-14,12:28:55,COIL.CA,Sell,1.563,407
T101529,2026-04-14,11:03:19,COIL.CA,Buy,1.549,10095
T101530,2026-04-14,12:40:58,COIL.CA,Buy,1.551,5728
T101531,2026-04-14,13:32:21,SPIN.CA,Buy,14.506,50
T101532,2026-04-14,10:48:29,SPIN.CA,Buy,14.615,10095
T101533,2026-04-14,11:28:34,SPIN.CA,Buy,14.598,30000
T101534,2026-04-14,12:12:08,SPIN.CA,Buy,14.749,200
T101535,2026-04-14,11:34:08,SPIN.CA,Sell,14.685,407
T101536,2026-04-14,12:35:10,SPIN.CA,Sell,14.764,915
T101537,2026-04-14,14:26:51,SPIN.CA,Buy,14.939,30000
T101538,2026-04-14,11:49:06,SPIN.CA,Sell,14.86,915
T101539,2026-04-14,14:00:26,SPIN.CA,Buy,14.761,200
T101540,2026-04-14,11:37:46,SPIN.CA,Sell,14.607,200
T101541,2026-04-14,14:17:58,SPIN.CA,Buy,14.578,100
T101542,2026-04-14,10:17:13,SPIN.CA,Sell,14.482,5728
T101543,2026-04-14,12:22:42,SPIN.CA,Sell,14.576,200
T101544,2026-04-14,13:16:04,SPIN.CA,Sell,14.665,1000
T101545,2026-04-14,13:47:28,SPIN.CA,Sell,14.781,50
T101546,2026-04-14,13:28:39,SPIN.CA,Buy,14.653,50
T101547,2026-04-14,12:34:36,EFID.CA,Sell,27.894,50
T101548,2026-04-14,11:24:24,EFID.CA,Buy,27.978,50
T101549,2026-04-14,10:42:43,EFID.CA,Sell,27.86,30000
T101550,2026-04-14,10:16:19,EFID.CA,Sell,27.986,407
T101551,2026-04-14,11:09:24,EFID.CA,Buy,27.955,200
T101552,2026-04-14,12:27:55,EFID.CA,Buy,28.177,10095
T101553,2026-04-14,13:30:28,EFID.CA,Buy,27.915,5000
T101554,2026-04-14,13:46:45,EFID.CA,Buy,28.071,10095
T101555,2026-04-14,14:17:14,EFID.CA,Sell,28.01,100
T101556,2026-04-14,12:50:03,EFID.CA,Buy,27.912,50
T101557,2026-04-14,11:11:41,EFID.CA,Buy,27.996,915
T101558,2026-04-14,10:54:20,EFID.CA,Sell,27.957,30000
T101559,2026-04-14,11:04:09,EFID.CA,Sell,27.689,5728
T101560,2026-04-14,14:04:12,EFID.CA,Sell,27.789,407
T101561,2026-04-14,14:01:56,EFID.CA,Buy,27.713,65
T101562,2026-04-14,12:21:38,EFID.CA,Buy,27.607,5728
T101563,2026-04-14,12:49:52,EFID.CA,Sell,27.533,915
T101564,2026-04-14,12:49:11,EFID.CA,Sell,27.406,30000
T101565,2026-04-14,14:22:26,JUFO.CA,Sell,31.362,5000
T101566,2026-04-14,10:35:43,JUFO.CA,Buy,31.126,10095
T101567,2026-04-14,12:18:29,JUFO.CA,Sell,31.436,100
T101568,2026-04-14,13:37:36,JUFO.CA,Buy,31.25,407
T101569,2026-04-14,13:48:28,JUFO.CA,Buy,31.517,5000
T101570,2026-04-14,11:22:46,JUFO.CA,Buy,31.295,50
T101571,2026-04-14,12:32:16,JUFO.CA,Buy,30.924,65
T101572,2026-04-14,12:55:13,JUFO.CA,Buy,30.768,5000
T101573,2026-04-14,13:54:28,JUFO.CA,Sell,31.086,10095
T101574,2026-04-14,12:26:24,JUFO.CA,Sell,31.176,30000
T101575,2026-04-14,10:58:16,JUFO.CA,Buy,31.066,50
T101576,2026-04-14,10:31:33,JUFO.CA,Buy,30.789,50
T101577,2026-04-14,11:17:29,JUFO.CA,Buy,30.934,65
T101578,2026-04-14,13:14:31,JUFO.CA,Buy,31.267,30000
T101579,2026-04-14,14:27:37,JUFO.CA,Sell,30.916,5000
T101580,2026-04-14,12:47:05,CPCI.CA,Sell,438.434,30000
T101581,2026-04-14,12:49:27,CPCI.CA,Sell,434.078,5000
T101582,2026-04-14,10:47:56,CPCI.CA,Sell,432.877,1000
T101583,2026-04-14,11:40:22,CPCI.CA,Sell,433.629,100
T101584,2026-04-14,10:24:14,CPCI.CA,Sell,431.381,915
T101585,2026-04-14,13:05:36,CPCI.CA,Sell,435.759,10095
T101586,2026-04-14,11:57:01,CPCI.CA,Buy,440.88,5000
T101587,2026-04-14,11:03:21,CPCI.CA,Sell,439.743,10095
T101588,2026-04-14,14:33:32,CPCI.CA,Buy,441.686,915
T101589,2026-04-14,10:50:01,NRPD.CA,Buy,20.07,65
T101590,2026-04-14,11:00:36,NRPD.CA,Sell,20.163,30000
T101591,2026-04-14,12:09:36,NRPD.CA,Buy,20.191,50
T101592,2026-04-14,13:55:08,NRPD.CA,Buy,20.368,1000
T101593,2026-04-14,12:54:30,NRPD.CA,Buy,20.323,50
T101594,2026-04-14,11:51:22,NRPD.CA,Buy,20.196,100
T101595,2026-04-14,13:22:02,NRPD.CA,Sell,19.959,200
T101596,2026-04-14,11:48:27,NRPD.CA,Sell,19.744,5000
T101597,2026-04-14,13:49:37,NRPD.CA,Sell,19.59,1000
T101598,2026-04-14,10:39:38,ACAP.CA,Buy,9.479,100
T101599,2026-04-14,10:39:43,ACAP.CA,Sell,9.371,30000
T101600,2026-04-14,12:05:16,ACAP.CA,Buy,9.277,1000
T101601,2026-04-14,13:39:14,ACAP.CA,Buy,9.259,30000
T101602,2026-04-14,14:34:06,ACAP.CA,Buy,9.297,915
T101603,2026-04-14,11:18:27,ACAP.CA,Sell,9.356,407
T101604,2026-04-14,13:02:26,ACAP.CA,Buy,9.299,5728
T101605,2026-04-14,13:39:45,ACAP.CA,Sell,9.368,100
T101606,2026-04-14,14:09:11,ACAP.CA,Sell,9.302,200
T101607,2026-04-14,10:45:19,ACAP.CA,Sell,9.287,5000
T101608,2026-04-14,13:01:04,ACAP.CA,Sell,9.279,100
T101609,2026-04-14,13:03:42,ACAP.CA,Buy,9.304,65
T101610,2026-04-14,13:40:16,ACAP.CA,Buy,9.335,407
T101611,2026-04-14,12:50:55,ACAP.CA,Buy,9.279,30000
T101612,2026-04-14,12:55:27,ACAP.CA,Sell,9.333,65
T101613,2026-04-14,13:07:50,ACAP.CA,Buy,9.432,1000
T101614,2026-04-14,10:27:06,GTEX.CA,Buy,117.834,200
T101615,2026-04-14,12:00:31,GTEX.CA,Sell,117.447,200
T101616,2026-04-14,14:13:06,GTEX.CA,Sell,117.852,5728
T101617,2026-04-14,11:05:17,GTEX.CA,Buy,116.739,5728
T101618,2026-04-14,12:48:20,GTEX.CA,Sell,117.281,200
T101619,2026-04-14,13:06:17,GTEX.CA,Buy,117.979,65
T101620,2026-04-14,11:11:13,GTEX.CA,Sell,116.984,1000
T101621,2026-04-14,10:50:36,GTEX.CA,Sell,115.995,407
T101622,2026-04-14,10:35:13,GTEX.CA,Buy,114.913,1000
T101623,2026-04-15,14:34:16,MCQE.CA,Buy,171.244,10095
T101624,2026-04-15,12:22:38,MCQE.CA,Buy,170.819,200
T101625,2026-04-15,10:50:05,MCQE.CA,Buy,171.281,65
T101626,2026-04-15,12:55:10,MCQE.CA,Sell,171.28,5000
T101627,2026-04-15,12:51:10,MCQE.CA,Sell,171.819,1000
T101628,2026-04-15,13:56:14,MCQE.CA,Sell,171.282,915
T101629,2026-04-15,10:35:30,MCQE.CA,Buy,171.382,5000
T101630,2026-04-15,12:03:32,MCQE.CA,Sell,172.745,915
T101631,2026-04-15,10:37:51,MCQE.CA,Sell,171.259,100
T101632,2026-04-15,11:23:23,MCQE.CA,Sell,170.134,100
T101633,2026-04-15,10:59:58,MCQE.CA,Sell,172.003,65
T101634,2026-04-15,12:55:54,MCQE.CA,Buy,173.637,100
T101635,2026-04-15,12:04:57,MCQE.CA,Buy,173.83,50
T101636,2026-04-15,11:18:28,MCQE.CA,Buy,175.662,1000
T101637,2026-04-15,12:47:29,MCQE.CA,Sell,176.914,5728
T101638,2026-04-15,14:09:36,MCQE.CA,Buy,176.688,100
T101639,2026-04-15,12:58:52,MCQE.CA,Buy,176.925,5728
T101640,2026-04-15,13:27:53,MCQE.CA,Sell,175.536,5000
T101641,2026-04-15,13:01:43,PRMH.CA,Sell,2.611,200
T101642,2026-04-15,13:40:23,PRMH.CA,Buy,2.62,10095
T101643,2026-04-15,10:48:29,PRMH.CA,Sell,2.643,5000
T101644,2026-04-15,12:21:27,PRMH.CA,Sell,2.652,50
T101645,2026-04-15,11:43:23,PRMH.CA,Buy,2.638,100
T101646,2026-04-15,11:40:22,PRMH.CA,Sell,2.652,200
T101647,2026-04-15,11:41:03,PRMH.CA,Buy,2.628,10095
T101648,2026-04-15,14:31:03,PRMH.CA,Buy,2.606,915
T101649,2026-04-15,11:59:59,PRMH.CA,Sell,2.636,407
T101650,2026-04-15,12:24:13,PRMH.CA,Buy,2.664,5000
T101651,2026-04-15,13:06:32,PRMH.CA,Sell,2.661,30000
T101652,2026-04-15,12:31:00,NHOZ.CA,Sell,18.849,915
T101653,2026-04-15,14:12:01,NHOZ.CA,Buy,18.822,915
T101654,2026-04-15,11:53:42,NHOZ.CA,Sell,18.869,100
T101655,2026-04-15,14:18:09,NHOZ.CA,Sell,18.982,100
T101656,2026-04-15,11:15:47,NHOZ.CA,Sell,19.141,407
T101657,2026-04-15,12:17:29,NHOZ.CA,Buy,19.217,100
T101658,2026-04-15,11:59:54,NHOZ.CA,Sell,19.048,407
T101659,2026-04-15,11:50:07,NHOZ.CA,Sell,19.064,30000
T101660,2026-04-15,14:25:53,NHOZ.CA,Sell,19.208,5000
T101661,2026-04-15,13:09:13,NHOZ.CA,Sell,19.359,200
T101662,2026-04-15,11:39:51,NHOZ.CA,Sell,19.169,50
T101663,2026-04-15,13:07:52,NHOZ.CA,Buy,18.988,1000
T101664,2026-04-15,11:26:43,NHOZ.CA,Sell,18.873,10095
T101665,2026-04-15,12:51:47,NHOZ.CA,Sell,18.956,200
T101666,2026-04-15,13:09:28,ATQA.CA,Sell,9.78,200
T101667,2026-04-15,14:13:54,ATQA.CA,Buy,9.873,915
T101668,2026-04-15,13:19:45,ATQA.CA,Buy,9.945,1000
T101669,2026-04-15,12:56:10,ATQA.CA,Buy,9.941,5000
T101670,2026-04-15,10:51:59,ATQA.CA,Sell,9.835,200
T101671,2026-04-15,13:31:23,ATQA.CA,Sell,9.77,1000
T101672,2026-04-15,12:36:20,ATQA.CA,Sell,9.664,10095
T101673,2026-04-15,12:15:49,ATQA.CA,Sell,9.642,65
T101674,2026-04-15,14:18:10,ATQA.CA,Buy,9.57,5728
T101675,2026-04-15,10:35:03,ATQA.CA,Sell,9.538,10095
T101676,2026-04-15,13:50:51,ATQA.CA,Buy,9.46,5000
T101677,2026-04-15,11:25:13,ATQA.CA,Buy,9.411,407
T101678,2026-04-15,14:15:35,ATQA.CA,Sell,9.456,100
T101679,2026-04-15,12:56:47,ATQA.CA,Buy,9.424,1000
T101680,2026-04-15,12:02:42,ATQA.CA,Sell,9.385,100
T101681,2026-04-15,10:39:22,ATQA.CA,Sell,9.415,1000
T101682,2026-04-15,10:45:02,ATQA.CA,Sell,9.462,65
T101683,2026-04-15,13:48:23,ATQA.CA,Sell,9.558,65
T101684,2026-04-15,10:37:48,COIL.CA,Buy,1.679,1000
T101685,2026-04-15,14:08:46,COIL.CA,Buy,1.694,915
T101686,2026-04-15,12:55:38,COIL.CA,Sell,1.685,407
T101687,2026-04-15,14:32:30,COIL.CA,Sell,1.68,5000
T101688,2026-04-15,14:03:22,COIL.CA,Sell,1.675,100
T101689,2026-04-15,12:59:35,COIL.CA,Buy,1.673,10095
T101690,2026-04-15,10:48:48,COIL.CA,Buy,1.676,10095
T101691,2026-04-15,10:33:53,COIL.CA,Sell,1.659,915
T101692,2026-04-15,10:52:28,COIL.CA,Buy,1.646,1000
T101693,2026-04-15,13:54:36,SPIN.CA,Sell,13.827,915
T101694,2026-04-15,12:06:07,SPIN.CA,Buy,13.731,407
T101695,2026-04-15,10:50:50,SPIN.CA,Sell,13.604,100
T101696,2026-04-15,11:00:38,SPIN.CA,Sell,13.614,30000
T101697,2026-04-15,11:45:47,SPIN.CA,Sell,13.704,50
T101698,2026-04-15,13:30:33,SPIN.CA,Buy,13.825,100
T101699,2026-04-15,11:34:27,SPIN.CA,Buy,13.972,100
T101700,2026-04-15,12:24:52,SPIN.CA,Buy,13.833,100
T101701,2026-04-15,10:45:51,SPIN.CA,Sell,13.871,915
T101702,2026-04-15,12:24:23,SPIN.CA,Buy,13.883,5000
T101703,2026-04-15,10:39:09,SPIN.CA,Buy,13.876,10095
T101704,2026-04-15,10:52:34,SPIN.CA,Sell,13.959,5000
T101705,2026-04-15,13:08:42,SPIN.CA,Sell,13.843,5000
T101706,2026-04-15,12:39:22,SPIN.CA,Buy,13.718,915
T101707,2026-04-15,12:20:46,SPIN.CA,Buy,13.583,1000
T101708,2026-04-15,12:11:14,SPIN.CA,Buy,13.603,1000
T101709,2026-04-15,14:29:00,EFID.CA,Sell,29.045,915
T101710,2026-04-15,14:26:11,EFID.CA,Sell,29.181,10095
T101711,2026-04-15,10:48:41,EFID.CA,Buy,29.167,915
T101712,2026-04-15,13:32:58,EFID.CA,Buy,29.397,407
T101713,2026-04-15,10:30:05,EFID.CA,Sell,29.673,65
T101714,2026-04-15,13:02:09,EFID.CA,Sell,29.721,200
T101715,2026-04-15,11:41:06,EFID.CA,Buy,29.877,407
T101716,2026-04-15,12:24:53,EFID.CA,Sell,30.117,50
T101717,2026-04-15,11:37:42,EFID.CA,Buy,30.456,100
T101718,2026-04-15,10:32:17,JUFO.CA,Sell,29.934,10095
T101719,2026-04-15,10:28:39,JUFO.CA,Sell,29.858,30000
T101720,2026-04-15,13:08:49,JUFO.CA,Buy,30.026,65
T101721,2026-04-15,12:23:43,JUFO.CA,Buy,29.701,200
T101722,2026-04-15,14:20:31,JUFO.CA,Buy,29.548,1000
T101723,2026-04-15,13:19:04,JUFO.CA,Buy,29.867,30000
T101724,2026-04-15,12:42:26,JUFO.CA,Sell,30.116,100
T101725,2026-04-15,13:10:39,JUFO.CA,Sell,30.458,100
T101726,2026-04-15,12:50:17,JUFO.CA,Sell,30.32,50
T101727,2026-04-15,10:30:06,JUFO.CA,Buy,30.382,65
T101728,2026-04-15,11:00:52,JUFO.CA,Buy,30.274,407
T101729,2026-04-15,11:59:56,JUFO.CA,Buy,30.497,200
T101730,2026-04-15,13:27:36,JUFO.CA,Buy,30.216,5000
T101731,2026-04-15,10:33:09,JUFO.CA,Buy,30.302,200
T101732,2026-04-15,10:54:08,JUFO.CA,Buy,30.01,50
T101733,2026-04-15,11:54:56,JUFO.CA,Buy,29.828,1000
T101734,2026-04-15,11:05:22,JUFO.CA,Buy,29.483,100
T101735,2026-04-15,10:29:00,CPCI.CA,Buy,469.451,65
T101736,2026-04-15,13:33:50,CPCI.CA,Sell,464.211,50
T101737,2026-04-15,14:17:30,CPCI.CA,Buy,459.53,10095
T101738,2026-04-15,12:20:42,CPCI.CA,Buy,455.912,200
T101739,2026-04-15,12:54:30,CPCI.CA,Buy,461.122,50
T101740,2026-04-15,12:10:26,CPCI.CA,Buy,461.94,915
T101741,2026-04-15,11:34:42,CPCI.CA,Sell,457.673,200
T101742,2026-04-15,14:14:23,CPCI.CA,Buy,458.074,65
T101743,2026-04-15,13:19:36,CPCI.CA,Sell,455.462,200
T101744,2026-04-15,11:36:30,CPCI.CA,Buy,450.653,5000
T101745,2026-04-15,12:25:51,CPCI.CA,Buy,450.341,100
T101746,2026-04-15,11:41:48,CPCI.CA,Buy,445.763,5728
T101747,2026-04-15,13:08:07,NRPD.CA,Buy,19.526,50
T101748,2026-04-15,14:02:09,NRPD.CA,Sell,19.384,50
T101749,2026-04-15,14:32:05,NRPD.CA,Buy,19.469,200
T101750,2026-04-15,11:09:53,NRPD.CA,Sell,19.455,407
T101751,2026-04-15,12:35:37,NRPD.CA,Sell,19.344,1000
T101752,2026-04-15,13:09:37,NRPD.CA,Sell,19.308,50
T101753,2026-04-15,11:31:46,NRPD.CA,Buy,19.413,5728
T101754,2026-04-15,14:21:28,NRPD.CA,Sell,19.519,200
T101755,2026-04-15,13:28:02,NRPD.CA,Sell,19.694,915
T101756,2026-04-15,10:40:06,NRPD.CA,Buy,19.619,10095
T101757,2026-04-15,13:47:27,NRPD.CA,Sell,19.472,5728
T101758,2026-04-15,12:30:25,NRPD.CA,Buy,19.514,5000
T101759,2026-04-15,14:13:59,NRPD.CA,Sell,19.381,407
T101760,2026-04-15,10:32:53,NRPD.CA,Buy,19.246,30000
T101761,2026-04-15,10:23:40,NRPD.CA,Sell,19.193,1000
T101762,2026-04-15,11:06:02,NRPD.CA,Sell,19.029,5000
T101763,2026-04-15,10:28:32,NRPD.CA,Buy,18.815,5000
T101764,2026-04-15,10:19:45,NRPD.CA,Buy,18.949,65
T101765,2026-04-15,10:36:54,ACAP.CA,Buy,9.072,100
T101766,2026-04-15,10:33:17,ACAP.CA,Sell,9.116,5000
T101767,2026-04-15,10:27:46,ACAP.CA,Buy,9.033,5000
T101768,2026-04-15,13:23:06,ACAP.CA,Buy,8.979,407
T101769,2026-04-15,13:54:55,ACAP.CA,Sell,8.963,5000
T101770,2026-04-15,13:08:11,ACAP.CA,Buy,8.939,100
T101771,2026-04-15,13:32:10,ACAP.CA,Sell,8.851,1000
T101772,2026-04-15,14:25:09,ACAP.CA,Buy,8.865,200
T101773,2026-04-15,12:02:27,ACAP.CA,Sell,8.779,30000
T101774,2026-04-15,13:19:15,ACAP.CA,Buy,8.854,100
T101775,2026-04-15,11:22:54,ACAP.CA,Sell,8.932,200
T101776,2026-04-15,12:52:53,ACAP.CA,Buy,8.983,915
T101777,2026-04-15,13:26:28,ACAP.CA,Buy,8.93,915
T101778,2026-04-15,11:56:31,ACAP.CA,Buy,8.89,10095
T101779,2026-04-15,14:30:37,ACAP.CA,Sell,8.945,200
T101780,2026-04-15,13:14:20,ACAP.CA,Sell,8.977,1000
T101781,2026-04-15,11:12:38,GTEX.CA,Buy,114.023,200
T101782,2026-04-15,13:34:07,GTEX.CA,Buy,113.242,407
T101783,2026-04-15,14:34:19,GTEX.CA,Sell,111.891,407
T101784,2026-04-15,11:23:18,GTEX.CA,Buy,112.712,5728
T101785,2026-04-15,11:28:45,GTEX.CA,Buy,113.353,5000
T101786,2026-04-15,12:47:03,GTEX.CA,Sell,113.246,200
T101787,2026-04-15,12:15:25,GTEX.CA,Buy,112.057,407
T101788,2026-04-15,11:53:14,GTEX.CA,Buy,113.334,200
T101789,2026-04-15,11:02:31,GTEX.CA,Buy,112.669,200
T101790,2026-04-15,13:23:53,GTEX.CA,Sell,113.585,5000
T101791,2026-04-15,12:06:22,GTEX.CA,Buy,113.906,10095
T101792,2026-04-16,13:21:31,MCQE.CA,Sell,180.526,1000
T101793,2026-04-16,12:09:01,MCQE.CA,Buy,180.785,30000
T101794,2026-04-16,13:33:01,MCQE.CA,Buy,179.661,407
T101795,2026-04-16,10:59:27,MCQE.CA,Buy,181.693,200
T101796,2026-04-16,12:22:56,MCQE.CA,Sell,181.881,65
T101797,2026-04-16,10:22:50,MCQE.CA,Sell,182.988,5000
T101798,2026-04-16,14:22:01,MCQE.CA,Buy,181.984,407
T101799,2026-04-16,14:24:00,MCQE.CA,Buy,183.492,65
T101800,2026-04-16,12:00:48,MCQE.CA,Sell,185.151,30000
T101801,2026-04-16,13:05:05,MCQE.CA,Sell,186.13,50
T101802,2026-04-16,13:51:46,MCQE.CA,Buy,187.461,100
T101803,2026-04-16,14:34:02,PRMH.CA,Buy,2.736,30000
T101804,2026-04-16,13:26:13,PRMH.CA,Buy,2.713,407
T101805,2026-04-16,12:14:12,PRMH.CA,Buy,2.72,10095
T101806,2026-04-16,14:27:33,PRMH.CA,Buy,2.714,10095
T101807,2026-04-16,10:49:23,PRMH.CA,Sell,2.704,407
T101808,2026-04-16,11:35:22,PRMH.CA,Sell,2.732,5000
T101809,2026-04-16,11:10:29,PRMH.CA,Sell,2.699,100
T101810,2026-04-16,13:55:07,PRMH.CA,Buy,2.717,5728
T101811,2026-04-16,12:11:36,PRMH.CA,Buy,2.689,200
T101812,2026-04-16,13:08:36,PRMH.CA,Sell,2.685,5728
T101813,2026-04-16,11:46:46,PRMH.CA,Buy,2.661,5000
T101814,2026-04-16,12:45:33,PRMH.CA,Sell,2.654,1000
T101815,2026-04-16,10:29:10,PRMH.CA,Buy,2.622,50
T101816,2026-04-16,12:08:45,PRMH.CA,Buy,2.64,10095
T101817,2026-04-16,10:52:58,PRMH.CA,Sell,2.653,1000
T101818,2026-04-16,13:03:23,PRMH.CA,Sell,2.657,50
T101819,2026-04-16,14:04:57,NHOZ.CA,Buy,18.336,5728
T101820,2026-04-16,14:03:24,NHOZ.CA,Buy,18.314,5000
T101821,2026-04-16,10:23:02,NHOZ.CA,Buy,18.349,65
T101822,2026-04-16,12:26:33,NHOZ.CA,Sell,18.209,407
T101823,2026-04-16,12:19:39,NHOZ.CA,Sell,18.354,100
T101824,2026-04-16,14:24:46,NHOZ.CA,Sell,18.382,50
T101825,2026-04-16,11:22:29,NHOZ.CA,Sell,18.576,100
T101826,2026-04-16,11:47:26,NHOZ.CA,Sell,18.534,30000
T101827,2026-04-16,13:07:43,NHOZ.CA,Buy,18.474,5728
T101828,2026-04-16,11:42:44,NHOZ.CA,Buy,18.368,100
T101829,2026-04-16,12:37:19,NHOZ.CA,Buy,18.407,407
T101830,2026-04-16,13:08:41,NHOZ.CA,Buy,18.566,50
T101831,2026-04-16,14:30:14,ATQA.CA,Sell,9.794,30000
T101832,2026-04-16,13:37:39,ATQA.CA,Sell,9.803,50
T101833,2026-04-16,13:36:19,ATQA.CA,Buy,9.687,50
T101834,2026-04-16,14:00:15,ATQA.CA,Buy,9.684,915
T101835,2026-04-16,13:47:17,ATQA.CA,Buy,9.612,30000
T101836,2026-04-16,11:52:14,ATQA.CA,Sell,9.519,65
T101837,2026-04-16,12:30:25,ATQA.CA,Buy,9.499,915
T101838,2026-04-16,13:14:54,ATQA.CA,Sell,9.502,100
T101839,2026-04-16,12:18:50,ATQA.CA,Sell,9.61,200
T101840,2026-04-16,11:53:56,ATQA.CA,Buy,9.665,407
T101841,2026-04-16,11:43:10,ATQA.CA,Buy,9.742,10095
T101842,2026-04-16,10:42:09,ATQA.CA,Buy,9.77,5728
T101843,2026-04-16,11:26:10,ATQA.CA,Sell,9.846,5000
T101844,2026-04-16,13:16:53,ATQA.CA,Sell,9.783,65
T101845,2026-04-16,10:59:37,ATQA.CA,Buy,9.717,5728
T101846,2026-04-16,14:34:49,ATQA.CA,Sell,9.641,65
T101847,2026-04-16,14:09:22,COIL.CA,Sell,1.607,915
T101848,2026-04-16,11:27:00,COIL.CA,Buy,1.604,30000
T101849,2026-04-16,10:39:41,COIL.CA,Buy,1.617,200
T101850,2026-04-16,11:39:45,COIL.CA,Buy,1.599,915
T101851,2026-04-16,10:41:20,COIL.CA,Buy,1.585,1000
T101852,2026-04-16,14:12:36,COIL.CA,Sell,1.583,1000
T101853,2026-04-16,13:11:01,COIL.CA,Buy,1.572,407
T101854,2026-04-16,10:17:57,COIL.CA,Sell,1.565,407
T101855,2026-04-16,12:23:56,COIL.CA,Sell,1.574,915
T101856,2026-04-16,10:38:53,COIL.CA,Sell,1.569,915
T101857,2026-04-16,12:44:35,COIL.CA,Sell,1.582,915
T101858,2026-04-16,10:51:35,COIL.CA,Buy,1.579,915
T101859,2026-04-16,13:22:22,COIL.CA,Sell,1.594,407
T101860,2026-04-16,14:13:07,COIL.CA,Sell,1.6,30000
T101861,2026-04-16,12:00:06,COIL.CA,Sell,1.598,30000
T101862,2026-04-16,11:20:48,COIL.CA,Sell,1.602,30000
T101863,2026-04-16,11:49:22,COIL.CA,Buy,1.609,200
T101864,2026-04-16,14:18:03,SPIN.CA,Buy,14.131,10095
T101865,2026-04-16,12:36:11,SPIN.CA,Buy,14.095,10095
T101866,2026-04-16,10:55:30,SPIN.CA,Buy,14.219,5000
T101867,2026-04-16,13:26:17,SPIN.CA,Buy,14.089,407
T101868,2026-04-16,13:09:52,SPIN.CA,Buy,14.025,407
T101869,2026-04-16,13:06:54,SPIN.CA,Sell,14.189,5000
T101870,2026-04-16,12:39:57,SPIN.CA,Buy,14.313,407
T101871,2026-04-16,13:43:13,SPIN.CA,Sell,14.214,100
T101872,2026-04-16,12:39:00,EFID.CA,Buy,28.867,10095
T101873,2026-04-16,14:23:56,EFID.CA,Buy,28.705,1000
T101874,2026-04-16,14:04:28,EFID.CA,Sell,28.919,5000
T101875,2026-04-16,13:11:01,EFID.CA,Buy,28.932,5728
T101876,2026-04-16,13:12:50,EFID.CA,Sell,29.067,5728
T101877,2026-04-16,12:33:40,EFID.CA,Buy,29.119,5000
T101878,2026-04-16,10:45:10,EFID.CA,Sell,29.263,10095
T101879,2026-04-16,10:25:05,EFID.CA,Buy,29.065,65
T101880,2026-04-16,12:43:41,EFID.CA,Sell,29.211,65
T101881,2026-04-16,12:26:56,EFID.CA,Sell,29.167,100
T101882,2026-04-16,12:55:02,EFID.CA,Buy,29.217,5728
T101883,2026-04-16,10:43:54,JUFO.CA,Sell,30.998,1000
T101884,2026-04-16,14:08:27,JUFO.CA,Sell,31.066,50
T101885,2026-04-16,10:55:15,JUFO.CA,Buy,31.14,1000
T101886,2026-04-16,11:42:18,JUFO.CA,Buy,31.403,5000
T101887,2026-04-16,11:03:42,JUFO.CA,Sell,31.737,407
T101888,2026-04-16,10:30:42,JUFO.CA,Sell,31.524,65
T101889,2026-04-16,12:03:43,JUFO.CA,Buy,31.297,200
T101890,2026-04-16,12:26:03,JUFO.CA,Sell,31.503,5728
T101891,2026-04-16,11:42:42,JUFO.CA,Sell,31.612,5000
T101892,2026-04-16,13:00:22,JUFO.CA,Buy,31.967,100
T101893,2026-04-16,10:38:26,JUFO.CA,Buy,31.676,915
